@article{Gluza:1991wj,
      author         = "Gluza, J. and Zralek, M.",
      title          = "{Feynman rules for Majorana neutrino interactions}",
      journal        = "Phys. Rev.",
      volume         = "D45",
      year           = "1992",
      pages          = "1693-1700",
      doi            = "10.1103/PhysRevD.45.1693",
      reportNumber   = "TP-US-91-02",
      SLACcitation   = "%%CITATION = PHRVA,D45,1693;%%"
}

@article{Denner:1992me,
      author         = "Denner, Ansgar and Eck, H. and Hahn, O. and Kublbeck, J.",
      title          = "{Compact Feynman rules for Majorana fermions}",
      journal        = "Phys. Lett.",
      volume         = "B291",
      year           = "1992",
      pages          = "278-280",
      doi            = "10.1016/0370-2693(92)91045-B",
      reportNumber   = "PRINT-92-0315 (CERN)",
      SLACcitation   = "%%CITATION = PHLTA,B291,278;%%"
}

@article{Deppisch:2015cua,
      author         = "Deppisch, Frank F. and Graf, Lukas and Kulkarni, Suchita
                        and Patra, Sudhanwa and Rodejohann, Werner and Sahu,
                        Narendra and Sarkar, Utpal",
      title          = "{Reconciling the 2 TeV Excesses at the LHC in a Linear
                        Seesaw Left-Right Model}",
      year           = "2015",
      eprint         = "1508.05940",
      archivePrefix  = "arXiv",
      primaryClass   = "hep-ph",
      SLACcitation   = "%%CITATION = ARXIV:1508.05940;%%"
}

@article{Agashe:2014kda,
      author         = "Olive, K. A. and others",
      title          = "{Review of Particle Physics}",
      collaboration  = "Particle Data Group",
      journal        = "Chin. Phys.",
      volume         = "C38",
      year           = "2014",
      pages          = "090001",
      doi            = "10.1088/1674-1137/38/9/090001",
      SLACcitation   = "%%CITATION = CHPHD,C38,090001;%%"
}

@article{Rasin:1997pn,
      author         = "Rasin, Andrija",
      title          = "{Diagonalization of quark mass matrices and the
                        Cabibbo-Kobayashi-Maskawa matrix}",
      year           = "1997",
      eprint         = "hep-ph/9708216",
      archivePrefix  = "arXiv",
      primaryClass   = "hep-ph",
      SLACcitation   = "%%CITATION = HEP-PH/9708216;%%"
}

@article{Bu:2008fx,
      author         = "Bu, Jian-Ping and Liao, Yi and Liu, Ji-Yuan",
      title          = "{Lepton Flavor Violating Muon Decays in a Model of
                        Electroweak-Scale Right-Handed Neutrinos}",
      journal        = "Phys. Lett.",
      volume         = "B665",
      year           = "2008",
      pages          = "39-43",
      doi            = "10.1016/j.physletb.2008.05.059",
      eprint         = "0802.3241",
      archivePrefix  = "arXiv",
      primaryClass   = "hep-ph",
      SLACcitation   = "%%CITATION = ARXIV:0802.3241;%%"
}

@article{Gluza:2001de,
      author         = "Gluza, J. and Zralek, M.",
      title          = "{Parameters' domain in three flavor neutrino
                        oscillations}",
      journal        = "Phys. Lett.",
      volume         = "B517",
      year           = "2001",
      pages          = "158-166",
      doi            = "10.1016/S0370-2693(01)00962-5",
      eprint         = "hep-ph/0106283",
      archivePrefix  = "arXiv",
      primaryClass   = "hep-ph",
      SLACcitation   = "%%CITATION = HEP-PH/0106283;%%"
}


@article{Dziewit:2011pd,
      author         = "Dziewit, Bartosz and Zajac, Sebastian and Zralek, Marek",
      title          = "{Majorana neutrino mass matrix with CP symmetry
                        breaking}",
      booktitle      = "{Matter to the deepest: Recent developments in physics of
                        fundamental interactions. Proceedings, 35th International
                        Conference of Theoretical Physics, Ustron'11, Ustron,
                        Poland, September 12-18,}",
      journal        = "Acta Phys. Polon.",
      volume         = "B42",
      year           = "2011",
      pages          = "2509-2516",
      doi            = "10.5506/APhysPolB.42.2509",
      eprint         = "1204.3665",
      archivePrefix  = "arXiv",
      primaryClass   = "hep-ph",
      SLACcitation   = "%%CITATION = ARXIV:1204.3665;%%"
}

@article{Mohapatra:1986aw,
      author         = "Mohapatra, R. N.",
      title          = "{Mechanism for Understanding Small Neutrino Mass in
                        Superstring Theories}",
      journal        = "Phys. Rev. Lett.",
      volume         = "56",
      year           = "1986",
      pages          = "561-563",
      doi            = "10.1103/PhysRevLett.56.561",
      SLACcitation   = "%%CITATION = PRLTA,56,561;%%"
}


@article{delAguila:2007em,
      author         = "del Aguila, F. and Aguilar-Saavedra, J. A. and Pittau,
                        R.",
      title          = "{Heavy neutrino signals at large hadron colliders}",
      journal        = "JHEP",
      volume         = "10",
      year           = "2007",
      pages          = "047",
      doi            = "10.1088/1126-6708/2007/10/047",
      eprint         = "hep-ph/0703261",
      archivePrefix  = "arXiv",
      primaryClass   = "hep-ph",
      SLACcitation   = "%%CITATION = HEP-PH/0703261;%%"
}

@article{Han:2006ip,
      author         = "Han, Tao and Zhang, Bin",
      title          = "{Signatures for Majorana neutrinos at hadron colliders}",
      journal        = "Phys. Rev. Lett.",
      volume         = "97",
      year           = "2006",
      pages          = "171804",
      doi            = "10.1103/PhysRevLett.97.171804",
      eprint         = "hep-ph/0604064",
      archivePrefix  = "arXiv",
      primaryClass   = "hep-ph",
      reportNumber   = "MADPH-06-1257",
      SLACcitation   = "%%CITATION = HEP-PH/0604064;%%"
}

@article{Aad:2015xaa,
      author         = "Aad, Georges and others",
      title          = "{Search for heavy Majorana neutrinos with the ATLAS
                        detector in pp collisions at $ \sqrt{s}=8 $ TeV}",
      collaboration  = "ATLAS",
      journal        = "JHEP",
      volume         = "07",
      year           = "2015",
      pages          = "162",
      doi            = "10.1007/JHEP07(2015)162",
      eprint         = "1506.06020",
      archivePrefix  = "arXiv",
      primaryClass   = "hep-ex",
      reportNumber   = "CERN-PH-EP-2015-070",
      SLACcitation   = "%%CITATION = ARXIV:1506.06020;%%"
}

@article{Gluza:2015goa,
      author         = "Gluza, Janusz and Jeliński, Tomasz",
      title          = "{Heavy neutrinos and the pp→lljj CMS data}",
      journal        = "Phys. Lett.",
      volume         = "B748",
      year           = "2015",
      pages          = "125-131",
      doi            = "10.1016/j.physletb.2015.06.077",
      eprint         = "1504.05568",
      archivePrefix  = "arXiv",
      primaryClass   = "hep-ph",
      SLACcitation   = "%%CITATION = ARXIV:1504.05568;%%"
}

@article{Das:2014jxa,
      author         = "Das, Arindam and Bhupal Dev, P. S. and Okada, Nobuchika",
      title          = "{Direct bounds on electroweak scale pseudo-Dirac
                        neutrinos from $\sqrt s=8$ TeV LHC data}",
      journal        = "Phys. Lett.",
      volume         = "B735",
      year           = "2014",
      pages          = "364-370",
      doi            = "10.1016/j.physletb.2014.06.058",
      eprint         = "1405.0177",
      archivePrefix  = "arXiv",
      primaryClass   = "hep-ph",
      reportNumber   = "MAN-HEP-2014-04",
      SLACcitation   = "%%CITATION = ARXIV:1405.0177;%%"
}

@article{Atre:2009rg,
      author         = "Atre, Anupama and Han, Tao and Pascoli, Silvia and Zhang,
                        Bin",
      title          = "{The Search for Heavy Majorana Neutrinos}",
      journal        = "JHEP",
      volume         = "05",
      year           = "2009",
      pages          = "030",
      doi            = "10.1088/1126-6708/2009/05/030",
      eprint         = "0901.3589",
      archivePrefix  = "arXiv",
      primaryClass   = "hep-ph",
      reportNumber   = "FERMILAB-PUB-08-086-T, NSF-KITP-08-54, MADPH-06-1466,
                        DCPT-07-198, IPPP-07-99",
      SLACcitation   = "%%CITATION = ARXIV:0901.3589;%%"
}

@article{Han:2012vk,
      author         = "Han, Tao and Lewis, Ian and Ruiz, Richard and Si,
                        Zong-guo",
      title          = "{Lepton Number Violation and $W^\prime$ Chiral Couplings
                        at the LHC}",
      journal        = "Phys. Rev.",
      volume         = "D87",
      year           = "2013",
      number         = "3",
      pages          = "035011",
      doi            = "10.1103/PhysRevD.87.035011, 10.1103/PhysRevD.87.039906",
      note           = "[Erratum: Phys. Rev.D87,no.3,039906(2013)]",
      eprint         = "1211.6447",
      archivePrefix  = "arXiv",
      primaryClass   = "hep-ph",
      reportNumber   = "PITT-PACC-1211",
      SLACcitation   = "%%CITATION = ARXIV:1211.6447;%%"
}

@article{Bahcall:1976zz,
      author         = "Bahcall, John N. and Davis, R.",
      title          = "{Solar Neutrinos - a Scientific Puzzle}",
      journal        = "Science",
      volume         = "191",
      year           = "1976",
      pages          = "264-267",
      doi            = "10.1126/science.191.4224.264",
      SLACcitation   = "%%CITATION = SCIEA,191,264;%%"
}

@article{Wietfeldt:1995ja,
      author         = "Wietfeldt, F. E. and Norman, E. B.",
      title          = "{The 17-KeV neutrino}",
      journal        = "Phys. Rept.",
      volume         = "273",
      year           = "1996",
      pages          = "149-197",
      doi            = "10.1016/0370-1573(95)00082-8",
      reportNumber   = "LBL-37044",
      SLACcitation   = "%%CITATION = PRPLC,273,149;%%"
}

@article{Franklin:1995pk,
      author         = "Franklin, A.",
      title          = "{The Appearance and disappearance of the 17-keV
                        neutrino}",
      journal        = "Rev. Mod. Phys.",
      volume         = "67",
      year           = "1995",
      pages          = "457-490",
      doi            = "10.1103/RevModPhys.67.457",
      SLACcitation   = "%%CITATION = RMPHA,67,457;%%"
}


@incollection{Akhmedov:2014kxa,
      author         = "Akhmedov, Evgeny",
      title          = "{Majorana neutrinos and other Majorana particles:Theory
                        and experiment}",
      eprint         = "1412.3320",
      archivePrefix  = "arXiv",
      primaryClass   = "hep-ph",
      SLACcitation   = "%%CITATION = ARXIV:1412.3320;%%"
}

@article{Antonello:2012hg,
      author         = "Antonello, M. and others",
      title          = "{Measurement of the neutrino velocity with the ICARUS
                        detector at the CNGS beam}",
      collaboration  = "ICARUS",
      journal        = "Phys. Lett.",
      volume         = "B713",
      year           = "2012",
      pages          = "17-22",
      doi            = "10.1016/j.physletb.2012.05.033",
      eprint         = "1203.3433",
      archivePrefix  = "arXiv",
      primaryClass   = "hep-ex",
      SLACcitation   = "%%CITATION = ARXIV:1203.3433;%%"
}


@article{Khachatryan:2014dka,
      author         = "Khachatryan, Vardan and others",
      title          = "{Search for heavy neutrinos and $\mathrm {W}$ bosons with
                        right-handed couplings in proton-proton collisions at
                        $\sqrt{s} = 8\,\text {TeV} $}",
      collaboration  = "CMS",
      journal        = "Eur. Phys. J.",
      volume         = "C74",
      year           = "2014",
      number         = "11",
      pages          = "3149",
      doi            = "10.1140/epjc/s10052-014-3149-z",
      eprint         = "1407.3683",
      archivePrefix  = "arXiv",
      primaryClass   = "hep-ex",
      reportNumber   = "CMS-EXO-13-008, CERN-PH-EP-2014-161",
      SLACcitation   = "%%CITATION = ARXIV:1407.3683;%%"
}

@article{Khachatryan:2015gha,
      author         = "Khachatryan, Vardan and others",
      title          = "{Search for heavy Majorana neutrinos in $\mu^\pm
                        \mu^\pm+$ jets events in proton-proton collisions at
                        $\sqrt{s}$ = 8 TeV}",
      collaboration  = "CMS",
      journal        = "Phys. Lett.",
      volume         = "B748",
      year           = "2015",
      pages          = "144-166",
      doi            = "10.1016/j.physletb.2015.06.070",
      eprint         = "1501.05566",
      archivePrefix  = "arXiv",
      primaryClass   = "hep-ex",
      reportNumber   = "CMS-EXO-12-057, CERN-PH-EP-2015-001",
      SLACcitation   = "%%CITATION = ARXIV:1501.05566;%%"
}

@article{Ng:2015hba,
      author         = "Ng, John N. and de la Puente, Alejandro and Pan, Bob
                        Wei-Ping",
      title          = "{Search for Heavy Right-Handed Neutrinos at the LHC and
                        Beyond in the Same-Sign Leptons Final State}",
      year           = "2015",
      eprint         = "1505.01934",
      archivePrefix  = "arXiv",
      primaryClass   = "hep-ph",
      SLACcitation   = "%%CITATION = ARXIV:1505.01934;%%"
}

@article{Dobrescu:2015qna,
      author         = "Dobrescu, Bogdan A. and Liu, Zhen",
      title          = "{A W' Boson near 2 TeV: Predictions for Run 2 of the
                        LHC}",
      year           = "2015",
      eprint         = "1506.06736",
      archivePrefix  = "arXiv",
      primaryClass   = "hep-ph",
      reportNumber   = "FERMILAB-PUB-15-265-T, PITT-PACC-1508",
      SLACcitation   = "%%CITATION = ARXIV:1506.06736;%%"
}
@article{Berger:2015qra,
      author         = "Berger, Josh and Dror, Jeff Asaf and Ng, Wee Hao",
      title          = "{Sneutrino Higgs models explain lepton non-universality
                        in CMS excesses}",
      year           = "2015",
      eprint         = "1506.08213",
      archivePrefix  = "arXiv",
      primaryClass   = "hep-ph",
      SLACcitation   = "%%CITATION = ARXIV:1506.08213;%%"
}

@article{Krauss:2015nba,
      author         = "Krauss, Manuel E. and Porod, Werner",
      title          = "{Is the CMS eejj excess a hint for light supersymmetry?}",
      year           = "2015",
      eprint         = "1507.04349",
      archivePrefix  = "arXiv",
      primaryClass   = "hep-ph",
      SLACcitation   = "%%CITATION = ARXIV:1507.04349;%%"
}

@article{Brehmer:2015cia,
      author         = "Brehmer, Johann and Hewett, JoAnne and Kopp, Joachim and
                        Rizzo, Thomas and Tattersall, Jamie",
      title          = "{Symmetry Restored in Dibosons at the LHC?}",
      year           = "2015",
      eprint         = "1507.00013",
      archivePrefix  = "arXiv",
      primaryClass   = "hep-ph",
      reportNumber   = "MITP-15-046-SLAC-PUB-16319-TKK-15-15, MITP-15-046,
                        SLAC-PUB-16319, TKK-15-15",
      SLACcitation   = "%%CITATION = ARXIV:1507.00013;%%"
}

@article{Dhuria:2015swa,
      author         = "Dhuria, Mansi and Hati, Chandan and Sarkar, Utpal",
      title          = "{Explaining the CMS excesses, baryogenesis and neutrino
                        masses in $E_{6}$ motivated $U(1)_{N}$ model}",
      year           = "2015",
      eprint         = "1507.08297",
      archivePrefix  = "arXiv",
      primaryClass   = "hep-ph",
      SLACcitation   = "%%CITATION = ARXIV:1507.08297;%%"
}


@article{Dev:2015pga,
      author         = "Dev, P. S. Bhupal and Mohapatra, R. N.",
      title          = "{Unified explanation of the $eejj$, diboson and dijet
                        resonances at the LHC}",
      year           = "2015",
      eprint         = "1508.02277",
      archivePrefix  = "arXiv",
      primaryClass   = "hep-ph",
      reportNumber   = "MAN-HEP-2015-14, TUM-HEP-1008-15, UMD-PP-015-012",
      SLACcitation   = "%%CITATION = ARXIV:1508.02277;%%"
}

@article{Coloma:2015una,
      author         = "Coloma, Pilar and Dobrescu, Bogdan A. and Lopez-Pavon,
                        Jacobo",
      title          = "{Right-handed neutrinos and the 2 TeV $W'$ boson}",
      year           = "2015",
      eprint         = "1508.04129",
      archivePrefix  = "arXiv",
      primaryClass   = "hep-ph",
      reportNumber   = "FERMILAB-PUB-15-349-T, SISSA-36-2015-FISI",
      SLACcitation   = "%%CITATION = ARXIV:1508.04129;%%"
}

@article{Deppisch:2014qpa,
      author         = "Deppisch, Frank F. and Gonzalo, Tomas E. and Patra,
                        Sudhanwa and Sahu, Narendra and Sarkar, Utpal",
      title          = "{Signal of Right-Handed Charged Gauge Bosons at the
                        LHC?}",
      journal        = "Phys. Rev.",
      volume         = "D90",
      year           = "2014",
      number         = "5",
      pages          = "053014",
      doi            = "10.1103/PhysRevD.90.053014",
      eprint         = "1407.5384",
      archivePrefix  = "arXiv",
      primaryClass   = "hep-ph",
      reportNumber   = "LCTS-2014-30",
      SLACcitation   = "%%CITATION = ARXIV:1407.5384;%%"
}

@article{Bilenky:1987ty,
      author         = "Bilenky, Samoil M. and Petcov, S. T.",
      title          = "{Massive Neutrinos and Neutrino Oscillations}",
      journal        = "Rev. Mod. Phys.",
      volume         = "59",
      year           = "1987",
      pages          = "671",
      doi            = "10.1103/RevModPhys.59.671",
      note           = "[Erratum: Rev. Mod. Phys.60,575(1988)]",
      SLACcitation   = "%%CITATION = RMPHA,59,671;%%"
}

@article{Heikinheimo:2014tba,
      author         = "Heikinheimo, Matti and Raidal, Martti and Spethmann,
                        Christian",
      title          = "{Testing Right-Handed Currents at the LHC}",
      journal        = "Eur. Phys. J.",
      volume         = "C74",
      year           = "2014",
      number         = "10",
      pages          = "3107",
      doi            = "10.1140/epjc/s10052-014-3107-9",
      eprint         = "1407.6908",
      archivePrefix  = "arXiv",
      primaryClass   = "hep-ph",
      SLACcitation   = "%%CITATION = ARXIV:1407.6908;%%"
}

@article{Deppisch:2014zta,
      author         = "Deppisch, Frank F. and Gonzalo, Tomas E. and Patra,
                        Sudhanwa and Sahu, Narendra and Sarkar, Utpal",
      title          = "{Double beta decay, lepton flavor violation, and collider
                        signatures of left-right symmetric models with spontaneous
                        $D$-parity breaking}",
      journal        = "Phys. Rev.",
      volume         = "D91",
      year           = "2015",
      number         = "1",
      pages          = "015018",
      doi            = "10.1103/PhysRevD.91.015018",
      eprint         = "1410.6427",
      archivePrefix  = "arXiv",
      primaryClass   = "hep-ph",
      reportNumber   = "LCTS-2014-42",
      SLACcitation   = "%%CITATION = ARXIV:1410.6427;%%"
}

@article{Aguilar-Saavedra:2014ola,
      author         = "Aguilar-Saavedra, J. A. and Joaquim, F. R.",
      title          = "{Closer look at the possible CMS signal of a new gauge
                        boson}",
      journal        = "Phys. Rev.",
      volume         = "D90",
      year           = "2014",
      number         = "11",
      pages          = "115010",
      doi            = "10.1103/PhysRevD.90.115010",
      eprint         = "1408.2456",
      archivePrefix  = "arXiv",
      primaryClass   = "hep-ph",
      reportNumber   = "CERN-PH-TH-2014-148, CFTP-14-017",
      SLACcitation   = "%%CITATION = ARXIV:1408.2456;%%"
}

@article{Barletta:2013ooa,
      author         = "Barletta, William and Battaglia, Marco and Klute, Markus
                        and Mangano, Michelangelo and Prestemon, Soren and others",
      title          = "{Working Group Report: Hadron Colliders}",
      year           = "2013",
      eprint         = "1310.0290",
      archivePrefix  = "arXiv",
      primaryClass   = "physics.acc-ph",
      SLACcitation   = "%%CITATION = ARXIV:1310.0290;%%",
}




@article{fcc,
author ="",
title = "{Future Circular Colilder}", 
note = {\url{http://cern.ch/fcc}}
}


@article{fccprep, 
author ="",
title = "{FCC on CERN Document Server}", 
journal = "",
year = "",
note = {\url{http://cds.cern.ch/collection/Future Circular Collider Documents?ln=en}}
}

@article{fccbrief, 
title = "{Study Brief February 2015}",
author = "Johannes Gutleber, Michael Benedik, Frank Zimmermann",
note = {\url{http://cds.cern.ch/record/1994232/}}
}

@article{fccweek2015, 
title = "{FCC Week 2015}",
note = {\url{http://indico.cern.ch/event/340703/}}
}

@article{Rainwater:1998kj, 
      author         = "Rainwater, David L. and Zeppenfeld, D. and Hagiwara,
                        Kaoru",
      title          = "{Searching for $H\to\tau^+\tau^-$ in weak boson fusion
                        the CERN LHC}",
      journal        = "Phys.Rev.",
      volume         = "D59",
      pages          = "014037",
      doi            = "10.1103/PhysRevD.59.014037",
      year           = "1998",
      eprint         = "hep-ph/9808468",
      archivePrefix  = "arXiv",
      primaryClass   = "hep-ph",
      reportNumber   = "MADPH-98-1057, KEK-PREPRINT-98-166, KEK-TH-589",
      SLACcitation   = "%%CITATION = HEP-PH/9808468;%%",
}

@article{Rainwater:1997dg,
      author         = "Rainwater, David L. and Zeppenfeld, D.",
      title          = "{Searching for $H\to\gamma\gamma$ in weak boson fusion at
                        the LHC}",
      journal        = "JHEP",
      volume         = "9712",
      pages          = "005",
      doi            = "10.1088/1126-6708/1997/12/005",
      year           = "1997",
      eprint         = "hep-ph/9712271",
      archivePrefix  = "arXiv",
      primaryClass   = "hep-ph",
      reportNumber   = "MADPH-97-1023",
      SLACcitation   = "%%CITATION = HEP-PH/9712271;%%",
}

@article{Cahn:1983ip,
      author         = "Cahn, R.N. and Dawson, Sally",
      title          = "{Production of Very Massive Higgs Bosons}",
      journal        = "Phys.Lett.",
      volume         = "B136",
      pages          = "196",
      doi            = "10.1016/0370-2693(84)91180-8",
      year           = "1984",
      reportNumber   = "LBL-16976",
      SLACcitation   = "%%CITATION = PHLTA,B136,196;%%",
}

@article{Massironi:2014fma,
      author         = "Massironi, Andrea",
      title          = "{VBS/VBF from CMS}",
      collaboration  = "CMS", 
      year           = "2014",
      eprint         = "1409.2990",
      archivePrefix  = "arXiv",
      primaryClass   = "hep-ex",
      SLACcitation   = "%%CITATION = ARXIV:1409.2990;%%",
}

%\bibitem{Bertolini:2014sua}
%  S.~Bertolini, A.~Maiezza and F.~Nesti,
%  %``Present and Future K and B Meson Mixing Constraints on TeV Scale Left-Right Symmetry,''
%  {\em Phys.Rev.} {\bf D89} (2014) 095028,
%  [\href{http://xxx.lanl.gov/abs/1403.7112}{arXiv:1403.7112}].
@article{Bertolini:2014sua,
      author         = "Bertolini, Stefano and Maiezza, Alessio and Nesti,
                        Fabrizio",
      title          = "{Present and Future K and B Meson Mixing Constraints on
                        TeV Scale Left-Right Symmetry}",
      journal        = "Phys.Rev.",
      number         = "9",
      volume         = "D89",
      pages          = "095028",
      doi            = "10.1103/PhysRevD.89.095028",
      year           = "2014",
      eprint         = "1403.7112",
      archivePrefix  = "arXiv",
      primaryClass   = "hep-ph",
      SLACcitation   = "%%CITATION = ARXIV:1403.7112;%%",
}

@article{kang:2014jia,
      author         = "Kang, Zhaofeng and Li, Jinmian and Li, Tianjun and Liu,
                        Yandong and Ning, Guo-Zhu",
      title          = "{Light Doubly Charged Higgs Boson via the Di-W Channel at
                        LHC}",
      year           = "2014",
      eprint         = "1404.5207",
      archivePrefix  = "arXiv",
      primaryClass   = "hep-ph",
      SLACcitation   = "%%CITATION = ARXIV:1404.5207;%%",
}

@article{Kanemura:2014goa,
      author         = "Kanemura, Shinya and Kikuchi, Mariko and Yagyu, Kei and
                        Yokoya, Hiroshi",
      title          = "{Bounds on the mass of doubly-charged Higgs bosons in the
                        same-sign diboson decay scenario}",
      journal        = "Phys.Rev.",
      number         = "11",
      volume         = "D90",
      pages          = "115018",
      doi            = "10.1103/PhysRevD.90.115018",
      year           = "2014",
      eprint         = "1407.6547",
      archivePrefix  = "arXiv",
      primaryClass   = "hep-ph",
      reportNumber   = "UT-HET-091",
      SLACcitation   = "%%CITATION = ARXIV:1407.6547;%%",
}


@misc{find,
note = "http://reference.wolfram.com/mathematica/ref/FindInstance.html"
}

@techreport{CMS-PAS-EXO-12-017,
      title         = "{Search for a heavy neutrino and right-handed W of the
                       left-right symmetric model in pp collisions at 8 TeV}",
      institution   = "CERN",
      collaboration = "CMS",
      address       = "Geneva",
      number        = "CMS-PAS-EXO-12-017",
      year          = "2012",
}


@article{Vasquez:2014mxa,
      author         = "Vasquez, Juan Carlos",
      title          = "{Right-handed lepton mixings at the LHC}",
      year           = "2014",
      eprint         = "1411.5824",
      archivePrefix  = "arXiv",
      primaryClass   = "hep-ph",
      SLACcitation   = "%%CITATION = ARXIV:1411.5824;%%",
}


@article{Pospelov:1996fq,
      author         = "Pospelov, M.E.",
      title          = "{FCNC in left-right symmetric theories and constraints on
                        the right-handed scale}",
      journal        = "Phys.Rev.",
      volume         = "D56",
      pages          = "259-264",
      doi            = "10.1103/PhysRevD.56.259",
      year           = "1997",
      eprint         = "hep-ph/9611422",
      archivePrefix  = "arXiv",
      primaryClass   = "hep-ph",
      reportNumber   = "UQAM-PHE-96-09",
      SLACcitation   = "%%CITATION = HEP-PH/9611422;%%",
}

@article{Ecker:1983uh,
      author         = "Ecker, G. and Grimus, W. and Neufeld, H.",
      title          = "{Higgs Induced Flavor Changing Neutral Interactions in
                        SU(2)-l X SU(2)-r X U(1)}",
      journal        = "Phys.Lett.",
      volume         = "B127",
      pages          = "365",
      doi            = "10.1016/0370-2693(83)91018-3",
      year           = "1983",
      reportNumber   = "CERN-TH-3551",
      SLACcitation   = "%%CITATION = PHLTA,B127,365;%%",
}

@article{Mohapatra:1983ae,
      author         = "Mohapatra, Rabindra N. and Senjanovic, Goran and Tran,
                        Minh D.",
      title          = "{Strangeness Changing Processes and the Limit on the
                        Right-handed Gauge Boson Mass}",
      journal        = "Phys.Rev.",
      volume         = "D28",
      pages          = "546",
      doi            = "10.1103/PhysRevD.28.546",
      year           = "1983",
      reportNumber   = "BNL-32482",
      SLACcitation   = "%%CITATION = PHRVA,D28,546;%%",
}

@article{Gluza:1994ad,
      author         = "Gluza, J. and Zralek, M.",
      title          = "{Higgs boson contributions to neutrino production in e-
                        e+ collisions in a left-right symmetric model}",
      journal        = "Phys.Rev.",
      volume         = "D51",
      pages          = "4695-4706",
      doi            = "10.1103/PhysRevD.51.4695",
      year           = "1995",
      eprint         = "hep-ph/9409225",
      archivePrefix  = "arXiv",
      primaryClass   = "hep-ph",
      SLACcitation   = "%%CITATION = HEP-PH/9409225;%%",
}


@article{Maalampi:2002vx,
      author         = "Maalampi, Jukka and Romanenko, Nikolai",
      title          = "{Single production of doubly charged Higgs bosons at
                        hadron colliders}",
      journal        = "Phys.Lett.",
      volume         = "B532",
      pages          = "202-208",
      doi            = "10.1016/S0370-2693(02)01549-6",
      year           = "2002",
      eprint         = "hep-ph/0201196",
      archivePrefix  = "arXiv",
      primaryClass   = "hep-ph",
      reportNumber   = "HIP-2002-02-TH",
      SLACcitation   = "%%CITATION = HEP-PH/0201196;%%",
}
@article{Huitu:1996su,
      author         = "Huitu, K. and Maalampi, J. and Pietila, A. and Raidal,
                        M.",
      title          = "{Doubly charged Higgs at LHC}",
      journal        = "Nucl.Phys.",
      volume         = "B487",
      pages          = "27-42",
      doi            = "10.1016/S0550-3213(97)87466-4",
      year           = "1997",
      eprint         = "hep-ph/9606311",
      archivePrefix  = "arXiv",
      primaryClass   = "hep-ph",
      reportNumber   = "HU-SEFT-R-1996-16, FTUV-96-34A, IFIC-96-40,
                        TURKU-SFL-R-14",
      SLACcitation   = "%%CITATION = HEP-PH/9606311;%%",
}



@article{Melfo:2011nx,
      author         = "Melfo, Alejandra and Nemevsek, Miha and Nesti, Fabrizio
                        and Senjanovic, Goran and Zhang, Yue",
      title          = "{Type II Seesaw at LHC: The Roadmap}",
      journal        = "Phys.Rev.",
      volume         = "D85",
      pages          = "055018",
      doi            = "10.1103/PhysRevD.85.055018",
      year           = "2012",
      eprint         = "1108.4416",
      archivePrefix  = "arXiv",
      primaryClass   = "hep-ph",
      SLACcitation   = "%%CITATION = ARXIV:1108.4416;%%",
}

@article{Dev:2013ff,
      author         = "Bhupal Dev, P.S. and Ghosh, Dilip Kumar and Okada,
                        Nobuchika and Saha, Ipsita",
      title          = "{125 GeV Higgs Boson and the Type-II Seesaw Model}",
      journal        = "JHEP",
      volume         = "1303",
      pages          = "150",
      doi            = "10.1007/JHEP03(2013)150, 10.1007/JHEP05(2013)049",
      year           = "2013",
      eprint         = "1301.3453",
      archivePrefix  = "arXiv",
      reportNumber   = "MAN-HEP-2012-021",
      SLACcitation   = "%%CITATION = ARXIV:1301.3453;%%",
}

@article{Tello:2010am,
      author         = "Tello, Vladimir and Nemevsek, Miha and Nesti, Fabrizio
                        and Senjanovic, Goran and Vissani, Francesco",
      title          = "{Left-Right Symmetry: from LHC to Neutrinoless Double
                        Beta Decay}",
      journal        = "Phys.Rev.Lett.",
      volume         = "106",
      pages          = "151801",
      doi            = "10.1103/PhysRevLett.106.151801",
      year           = "2011",
      eprint         = "1011.3522",
      archivePrefix  = "arXiv",
      primaryClass   = "hep-ph",
      SLACcitation   = "%%CITATION = ARXIV:1011.3522;%%",
}

@article{Nemevsek:2011aa,
      author         = "Nemevsek, Miha and Nesti, Fabrizio and Senjanovic, Goran
                        and Tello, Vladimir",
      title          = "{Neutrinoless Double Beta Decay: Low Left-Right Symmetry
                        Scale?}",
      year           = "2011",
      eprint         = "1112.3061",
      archivePrefix  = "arXiv",
      primaryClass   = "hep-ph",
      SLACcitation   = "%%CITATION = ARXIV:1112.3061;%%",
}

@article{Gluza:1995ky,
      author         = "Gluza, J. and Zralek, M.",
      title          = "{Inverse neutrinoless double beta decay in gauge theories
                        with CP violation}",
      journal        = "Phys.Rev.",
      volume         = "D52",
      pages          = "6238-6248",
      doi            = "10.1103/PhysRevD.52.6238",
      year           = "1995",
      eprint         = "hep-ph/9502284",
      archivePrefix  = "arXiv",
      primaryClass   = "hep-ph",
      reportNumber   = "SU-TP-1-95",
      SLACcitation   = "%%CITATION = HEP-PH/9502284;%%",
}

@article{Mohapatra:1979ia,
      author         = "Mohapatra, Rabindra N. and Senjanovic, Goran",
      title          = "{Neutrino Mass and Spontaneous Parity Violation}",
      journal        = "Phys.Rev.Lett.",
      volume         = "44",
      pages          = "912",
      doi            = "10.1103/PhysRevLett.44.912",
      year           = "1980",
      reportNumber   = "MDDP-TR-80-060, MDDP-PP-80-105, CCNY-HEP-79-10",
      SLACcitation   = "%%CITATION = PRLTA,44,912;%%",
}

@article{Mohapatra:1980yp,
      author         = "Mohapatra, Rabindra N. and Senjanovic, Goran",
      title          = "{Neutrino Masses and Mixings in Gauge Models with
                        Spontaneous Parity Violation}",
      journal        = "Phys.Rev.",
      volume         = "D23",
      pages          = "165",
      doi            = "10.1103/PhysRevD.23.165",
      year           = "1981",
      reportNumber   = "FERMILAB-PUB-80-061-THY, FERMILAB-PUB-80-061-T",
      SLACcitation   = "%%CITATION = PHRVA,D23,165;%%",
}



@article{Senjanovic:1975rk,
      author         = "Senjanovic, G. and Mohapatra, Rabindra N.",
      title          = "{Exact Left-Right Symmetry and Spontaneous Violation of
                        Parity}",
      journal        = "Phys.Rev.",
      volume         = "D12",
      pages          = "1502",
      doi            = "10.1103/PhysRevD.12.1502",
      year           = "1975",
 	     reportNumber   = "CCNY-HEP-75-5",
      SLACcitation   = "%%CITATION = PHRVA,D12,1502;%%",
}


@article{Chen:2011hc,
      author         = "Chen, Chien-Yi and Dev, P. S. Bhupal",
      title          = "{Multi-Lepton Collider Signatures of Heavy Dirac and
                        Majorana Neutrinos}",
      journal        = "Phys. Rev.",
      volume         = "D85",
      year           = "2012",
      pages          = "093018",
      doi            = "10.1103/PhysRevD.85.093018",
      eprint         = "1112.6419",
      archivePrefix  = "arXiv",
      primaryClass   = "hep-ph",
      SLACcitation   = "%%CITATION = ARXIV:1112.6419;%%"
}


@article{Keung:1983uu ,
      author         = "Keung, Wai-Yee and Senjanovic, Goran",
      title          = "{Majorana Neutrinos and the Production of the
                        Right-handed Charged Gauge Boson}",
      journal        = "Phys.Rev.Lett.",
      volume         = "50",
      pages          = "1427",
      doi            = "10.1103/PhysRevLett.50.1427",
      year           = "1983",
      reportNumber   = "BNL-32872",
      SLACcitation   = "%%CITATION = PRLTA,50,1427;%%",
}

@article{Chakrabortty:2013zja,
      author         = "Chakrabortty, Joydeep and Konar, Partha and Mondal,
                        Tanmoy",
      title          = "{Constraining a class of B-L extended models from vacuum
                        stability and perturbativity}",
      year           = "2013",
      eprint         = "1308.1291",
      archivePrefix  = "arXiv",
      primaryClass   = "hep-ph",
      SLACcitation   = "%%CITATION = ARXIV:1308.1291;%%",
}

@article{Chen:2013foz,
      author         = "Chen, Chien-Yi and Dev, P. S. Bhupal and Mohapatra, R.N.",
      title          = "{Probing Heavy-Light Neutrino Mixing in Left-Right Seesaw
                        Models at the LHC}",
      journal        = "Phys.Rev.",
      volume         = "D88",
      pages          = "033014",
      doi            = "10.1103/PhysRevD.88.033014",
      year           = "2013",
      eprint         = "1306.2342",
      archivePrefix  = "arXiv",
      primaryClass   = "hep-ph",
      reportNumber   = "MAN-HEP-2013-09",
      SLACcitation   = "%%CITATION = ARXIV:1306.2342;%%",
}

@article{Kom:2010mv,
      author         = "Kom, Chun-Hay and Stirling, W. James",
      title          = "{Charge asymmetry in W + jets production at the LHC}",
      journal        = "Eur.Phys.J.",
      volume         = "C69",
      pages          = "67-73",
      doi            = "10.1140/epjc/s10052-010-1353-z",
      year           = "2010",
      eprint         = "1004.3404",
      archivePrefix  = "arXiv",
      primaryClass   = "hep-ph",
      reportNumber   = "CAVENDISH-HEP-2010-06",
      SLACcitation   = "%%CITATION = ARXIV:1004.3404;%%",
}

 
@article{Gluza:1995ix,
      author         = "Gluza, J. and Zralek, M.",
      title          = "{On possibility of detecting the e-e- to W-W- process in the standard model}",
      journal        = "Phys.Lett.",
      volume         = "B362",
      pages          = "148-154",
      doi            = "10.1016/0370-2693(95)01158-M",
      year           = "1995",
      eprint         = "hep-ph/9507269",
      archivePrefix  = "arXiv",
      primaryClass   = "hep-ph",
      reportNumber   = "TP-USL-95-04, TP-USI-95-04",
      SLACcitation   = "%%CITATION = HEP-PH/9507269;%%",
}

@article{Gluza:1997ts,
      author         = "Gluza, J. and Maalampi, J. and Raidal, M. and Zralek, M.",
      title          = "{Heavy neutrino mixing and single production at linear
                        collider}",
      journal        = "Phys.Lett.",
      volume         = "B407",
      pages          = "45-52",
      doi            = "10.1016/S0370-2693(97)00713-2",
      year           = "1997",
      eprint         = "hep-ph/9703215",
      archivePrefix  = "arXiv",
      primaryClass   = "hep-ph",
      reportNumber   = "TP-USL-97-15, FTUV-96-24",
      SLACcitation   = "%%CITATION = HEP-PH/9703215;%%",
}
\end{filecontents}

@article{delAguila:2008pw,
      author         = "del Aguila, F. and de Blas, J. and Perez-Victoria, M.",
      title          = "{Effects of new leptons in Electroweak Precision Data}",
      journal        = "Phys.Rev.",
      volume         = "D78",
      pages          = "013010",
      doi            = "10.1103/PhysRevD.78.013010",
      year           = "2008",
      eprint         = "0803.4008",
      archivePrefix  = "arXiv",
      primaryClass   = "hep-ph",
      reportNumber   = "UG-FT-224-08, CAFPE-94-08",
      SLACcitation   = "%%CITATION = ARXIV:0803.4008;%%",
}


@article{Bambhaniya:2014cia,
      author         = "Bambhaniya, G. and Chakrabortty, J. and Gluza, J. and
                        JeliÅ?ski, T. and Kordiaczynska, M.",
      title          = "{Lowest limits on the doubly charged Higgs boson masses
                        in the minimal left-right symmetric model}",
      journal        = "Phys.Rev.",
      number         = "9",
      volume         = "D90",
      pages          = "095003",
      doi            = "10.1103/PhysRevD.90.095003",
      year           = "2014",
      eprint         = "1408.0774",
      archivePrefix  = "arXiv",
      primaryClass   = "hep-ph",
      SLACcitation   = "%%CITATION = ARXIV:1408.0774;%%",
}


@article{Chakrabortty:2012pp,
      author         = "Chakrabortty, J. and Gluza, J. and Sevillano, R. and
                        Szafron, R.",
      title          = "{Left-Right Symmetry at LHC and Precise 1-Loop Low Energy
                        Data}",
      journal        = "JHEP",
      volume         = "1207",
      pages          = "038",
      doi            = "10.1007/JHEP07(2012)038",
      year           = "2012",
      eprint         = "1204.0736",
      archivePrefix  = "arXiv",
      primaryClass   = "hep-ph",
      reportNumber   = "LPN-12-044",
      SLACcitation   = "%%CITATION = ARXIV:1204.0736;%%",
}

@article{Akeroyd:2012ms,
      author         = "Akeroyd, A.G. and Moretti, S.",
      title          = "{Enhancement of H to gamma gamma from doubly charged
                        scalars in the Higgs Triplet Model}",
      journal        = "Phys.Rev.",
      volume         = "D86",
      pages          = "035015",
      doi            = "10.1103/PhysRevD.86.035015",
      year           = "2012",
      eprint         = "1206.0535",
      archivePrefix  = "arXiv",
      primaryClass   = "hep-ph",
      reportNumber   = "SHEP-12-16",
      SLACcitation   = "%%CITATION = ARXIV:1206.0535;%%",
}

@article{delAguila:2008cj,
      author         = "del Aguila, F. and Aguilar-Saavedra, J.A.",
      title          = "{Distinguishing seesaw models at LHC with multi-lepton
                        signals}",
      journal        = "Nucl.Phys.",
      volume         = "B813",
      pages          = "22-90",
      doi            = "10.1016/j.nuclphysb.2008.12.029",
      year           = "2009",
      eprint         = "0808.2468",
      archivePrefix  = "arXiv",
      primaryClass   = "hep-ph",
      SLACcitation   = "%%CITATION = ARXIV:0808.2468;%%",
}

@article{delAguila:2013yaa,
      author         = "del Aguila, Francisco and Chala, Mikael and Santamaria,
                        Arcadi and Wudka, Jose",
      title          = "{Discriminating between lepton number violating scalars
                        using events with four and three charged leptons at the
                        LHC}",
      journal        = "Phys.Lett.",
      volume         = "B725",
      pages          = "310-315",
      doi            = "10.1016/j.physletb.2013.07.014",
      year           = "2013",
      eprint         = "1305.3904",
      archivePrefix  = "arXiv",
      primaryClass   = "hep-ph",
      SLACcitation   = "%%CITATION = ARXIV:1305.3904;%%",
}


@article{Mohapatra:1986uf,
      author         = "Mohapatra, R.N.",
      title          = "{Unification and Supersymmetry. The
Frontiers of Quark-Lepton Physics, Springer 1986}",
      year           = "1986",
      SLACcitation   = "%%CITATION = INSPIRE-238200;%%",
}

@article{Zhang:2007da,
      author         = "Zhang, Yue and An, Haipeng and Ji, Xiangdong and
                        Mohapatra, Rabindra N.",
      title          = "{General CP Violation in Minimal Left-Right Symmetric
                        Model and Constraints on the Right-Handed Scale}",
      journal        = "Nucl.Phys.",
      volume         = "B802",
      pages          = "247-279",
      doi            = "10.1016/j.nuclphysb.2008.05.019",
      year           = "2008",
      eprint         = "0712.4218",
      archivePrefix  = "arXiv",
      primaryClass   = "hep-ph",
      SLACcitation   = "%%CITATION = ARXIV:0712.4218;%%",
}

@article{Rizzo:1981xx,
      author         = "Rizzo, Thomas G.",
      title          = "{Doubly Charged Higgs Bosons and Lepton Number Violating
                        Processes}",
      journal        = "Phys.Rev.",
      volume         = "D25",
      pages          = "1355-1364",
      doi            = "10.1103/PhysRevD.25.1355",
      year           = "1982",
      reportNumber   = "IS-J 672",
      SLACcitation   = "%%CITATION = PHRVA,D25,1355;%%",
}

@article{PhysRevD.40.1521,
  title = {Limits on doubly charged Higgs bosons and lepton-flavor violation},
  author = {Swartz, Morris L.},
  journal = {Phys. Rev. D},
  volume = {40},
  issue = {5},
  pages = {1521--1528},
  year = {1989},
  month = {Sep},
  doi = {10.1103/PhysRevD.40.1521},
  url = {http://link.aps.org/doi/10.1103/PhysRevD.40.1521},
  publisher = {American Physical Society}
}

@article{Akeroyd:2012rg,
      author         = "Akeroyd, A.G. and Moretti, S.",
      title          = "{Enhancement of $H\to\gamma\gamma$ from charged Higgs
                        bosons in the Higgs Triplet Model}",
      journal        = "PoS",
      volume         = "CHARGED2012",
      pages          = "035",
      year           = "2012",
      eprint         = "1210.6882",
      archivePrefix  = "arXiv",
      primaryClass   = "hep-ph",
      reportNumber   = "SHEP-12-36",
      SLACcitation   = "%%CITATION = ARXIV:1210.6882;%%",
}


@article{He:2012zp,
      author         = "He, Xiao-Gang and Valencia, German",
      title          = "{B decays with $\tau$-leptons in non-universal left-right
                        models}",
      journal        = "Phys.Rev.",
      volume         = "D87",
      pages          = "014014",
      doi            = "10.1103/PhysRevD.87.014014",
      year           = "2013",
      eprint         = "1211.0348",
      archivePrefix  = "arXiv",
      primaryClass   = "hep-ph",
      SLACcitation   = "%%CITATION = ARXIV:1211.0348;%%",
}


@article{Duka:1999uc,
      author         = "Duka, P. and Gluza, J. and Zralek, M.",
      title          = "{Quantization and renormalization of the manifest
                        left-right symmetric model of electroweak interactions}",
      journal        = "Annals Phys.",
      volume         = "280",
      pages          = "336-408",
      doi            = "10.1006/aphy.1999.5988",
      year           = "2000",
      eprint         = "hep-ph/9910279",
      archivePrefix  = "arXiv",
      primaryClass   = "hep-ph",
      SLACcitation   = "%%CITATION = HEP-PH/9910279;%%",
}

@article{Czakon:2002wm,
      author         = "Czakon, M. and Gluza, J. and Hejczyk, J.",
      title          = "{Muon decay to one loop order in the left-right symmetric model}",
      journal        = "Nucl.Phys.",
      volume         = "B642",
      pages          = "157-172",
      doi            = "10.1016/S0550-3213(02)00638-7",
      year           = "2002",
      eprint         = "hep-ph/0205303",
      archivePrefix  = "arXiv",
      primaryClass   = "hep-ph",
      SLACcitation   = "%%CITATION = HEP-PH/0205303;%%",
}

@article{Gluza:2002vs,
      author         = "Gluza, Janusz",
      title          = "{On teraelectronvolt Majorana neutrinos}",
      journal        = "Acta Phys.Polon.",
      volume         = "B33",
      pages          = "1735-1746",
      year           = "2002",
      eprint         = "hep-ph/0201002",
      archivePrefix  = "arXiv",
      primaryClass   = "hep-ph",
      SLACcitation   = "%%CITATION = HEP-PH/0201002;%%",
}

@article{Gluza:1993gf,
      author         = "Gluza, J. and Zralek, M.",
      title          = "{Neutrino production in e+ e- collisions in a left-right
                        symmetric model}",
      journal        = "Phys.Rev.",
      volume         = "D48",
      pages          = "5093-5105",
      doi            = "10.1103/PhysRevD.48.5093",
      year           = "1993",
      SLACcitation   = "%%CITATION = PHRVA,D48,5093;%%",
}

@article{delAguila:2009bb,
      author         = "del Aguila, F. and Aguilar-Saavedra, J.A. and de Blas,
                        J.",
      title          = "{Trilepton signals: the golden channel for seesaw
                        searches at LHC}",
      journal        = "Acta Phys.Polon.",
      volume         = "B40",
      pages          = "2901-2911",
      year           = "2009",
      eprint         = "0910.2720",
      archivePrefix  = "arXiv",
      primaryClass   = "hep-ph",
      SLACcitation   = "%%CITATION = ARXIV:0910.2720;%%",
}

@article{Guadagnoli:2010sd,
      author         = "Guadagnoli, Diego and Mohapatra, Rabindra N.",
      title          = "{TeV Scale Left Right Symmetry and Flavor Changing
                        Neutral Higgs Effects}",
      journal        = "Phys.Lett.",
      volume         = "B694",
      pages          = "386-392",
      doi            = "10.1016/j.physletb.2010.10.027",
      year           = "2011",
      eprint         = "1008.1074",
      archivePrefix  = "arXiv",
      primaryClass   = "hep-ph",
      reportNumber   = "TUM-HEP-768-10, UMD-PP-10-012",
      SLACcitation   = "%%CITATION = ARXIV:1008.1074;%%",
}



@article{Das:2012ii,
      author         = "Das, S.P. and Deppisch, F.F. and Kittel, O. and Valle,
                        J.W.F.",
      title          = "{Heavy Neutrinos and Lepton Flavour Violation in
                        Left-Right Symmetric Models at the LHC}",
      journal        = "Phys.Rev.",
      volume         = "D86",
      pages          = "055006",
      doi            = "10.1103/PhysRevD.86.055006",
      year           = "2012",
      eprint         = "1206.0256",
      archivePrefix  = "arXiv",
      primaryClass   = "hep-ph",
      reportNumber   = "IFIC-12-17",
      SLACcitation   = "%%CITATION = ARXIV:1206.0256;%%",
}

@article{Mohapatra:1988tm,
      author         = "Mohapatra, Rabindra N. and Nussinov, Shmuel",
      title          = "{Constraints on decaying right-handed Majorana neutrinos
                        from SN1987a observations}",
      journal        = "Phys.Rev.",
      volume         = "D39",
      pages          = "1378-1385",
      doi            = "10.1103/PhysRevD.39.1378",
      year           = "1989",
      reportNumber   = "UMD-PP-89-026",
      SLACcitation   = "%%CITATION = PHRVA,D39,1378;%%",
}


@article{Mohapatra:1974gc,
      author         = "Mohapatra, R.N. and Pati, Jogesh C.",
      title          = "{A Natural Left-Right Symmetry}",
      journal        = "Phys.Rev.",
      volume         = "D11",
      pages          = "2558",
      doi            = "10.1103/PhysRevD.11.2558",
      year           = "1975",
      reportNumber   = "CCNY-HEP-74-2",
      SLACcitation   = "%%CITATION = PHRVA,D11,2558;%%",
}

@article{Gunion:1989in,
      author         = "Gunion, J.F. and Grifols, J. and Mendez, A. and Kayser,
                        Boris and Olness, Fredrick I.",
      title          = "{Higgs Bosons in Left-Right Symmetric Models}",
      journal        = "Phys.Rev.",
      volume         = "D40",
      pages          = "1546",
      doi            = "10.1103/PhysRevD.40.1546",
      year           = "1989",
      reportNumber   = "UCD-89-1",
      SLACcitation   = "%%CITATION = PHRVA,D40,1546;%%",
}

@article{Nemevsek:2011hz,
      author         = "Nemevsek, Miha and Nesti, Fabrizio and Senjanovic, Goran
                        and Zhang, Yue",
      title          = "{First Limits on Left-Right Symmetry Scale from LHC
                        Data}",
      journal        = "Phys.Rev.",
      volume         = "D83",
      pages          = "115014",
      doi            = "10.1103/PhysRevD.83.115014",
      year           = "2011",
      eprint         = "1103.1627",
      archivePrefix  = "arXiv",
      primaryClass   = "hep-ph",
      SLACcitation   = "%%CITATION = ARXIV:1103.1627;%%",
}

@article{Maiezza:2010ic,
      author         = "Maiezza, Alessio and Nemevsek, Miha and Nesti, Fabrizio
                        and Senjanovic, Goran",
      title          = "{Left-Right Symmetry at LHC}",
      journal        = "Phys.Rev.",
      volume         = "D82",
      pages          = "055022",
      doi            = "10.1103/PhysRevD.82.055022",
      year           = "2010",
      eprint         = "1005.5160",
      archivePrefix  = "arXiv",
      primaryClass   = "hep-ph",
      SLACcitation   = "%%CITATION = ARXIV:1005.5160;%%",
}

@article{Chankowski:2006jk,
      author         = "Chankowski, Piotr H. and Pokorski, Stefan and Wagner,
                        Jakub",
      title          = "{Z-prime and the Appelquist-Carrazzone decoupling}",
      journal        = "Eur.Phys.J.",
      volume         = "C47",
      pages          = "187-205",
      doi            = "10.1140/epjc/s2006-02537-3",
      year           = "2006",
      eprint         = "hep-ph/0601097",
      archivePrefix  = "arXiv",
      primaryClass   = "hep-ph",
      reportNumber   = "IFT-01-2006",
      SLACcitation   = "%%CITATION = HEP-PH/0601097;%%",
}

@article{Chankowski:2006hs,
      author         = "Chankowski, Piotr H. and Pokorski, Stefan and Wagner,
                        Jakub",
      title          = "{(Non)decoupling of the Higgs triplet effects}",
      journal        = "Eur.Phys.J.",
      volume         = "C50",
      pages          = "919-933",
      doi            = "10.1140/epjc/s10052-007-0259-x",
      year           = "2007",
      eprint         = "hep-ph/0605302",
      archivePrefix  = "arXiv",
      primaryClass   = "hep-ph",
      reportNumber   = "IFT-9-2006",
      SLACcitation   = "%%CITATION = HEP-PH/0605302;%%",
}


@article{Gninenko:2006br,
      author         = "Gninenko, S.N. and Kirsanov, M.M. and Krasnikov, N.V. and
                        Matveev, V.A.",
      title          = "{Detection of heavy Majorana neutrinos and right-handed
                        bosons}",
      journal        = "Phys.Atom.Nucl.",
      volume         = "70",
      pages          = "441-449",
      doi            = "10.1134/S1063778807030039",
      year           = "2007",
      reportNumber   = "CERN-CMS-NOTE-2006-098",
      SLACcitation   = "%%CITATION = PANUE,70,441;%%",
}


@article{Ferrari:2000sp,
      author         = "Ferrari, A. and Collot, Johann and Andrieux, M-L. and
                        Belhorma, B. and de Saintignon, P. and others",
      title          = "{Sensitivity study for new gauge bosons and right-handed
                        Majorana neutrinos in $p p$ collisions at $s$ = 14-TeV}",
      journal        = "Phys.Rev.",
      volume         = "D62",
      pages          = "013001",
      doi            = "10.1103/PhysRevD.62.013001",
      year           = "2000",
      SLACcitation   = "%%CITATION = PHRVA,D62,013001;%%",
}

@article{Beringer:1900zz,
      author         = "Beringer, J. and others",
      title          = "{Review of Particle Physics (RPP)}",
      collaboration  = "Particle Data Group",
      journal        = "Phys.Rev.",
      volume         = "D86",
      pages          = "010001",
      doi            = "10.1103/PhysRevD.86.010001",
      year           = "2012",
      SLACcitation   = "%%CITATION = PHRVA,D86,010001;%%",
}

@article{Czakon:1999ha,
      author         = "Czakon, M. and Gluza, J. and Jegerlehner, F. and Zralek,
                        M.",
      title          = "{Confronting electroweak precision measurements with new
                        physics models}",
      journal        = "Eur.Phys.J.",
      volume         = "C13",
      pages          = "275-281",
      doi            = "10.1007/s100520000278",
      year           = "2000",
      eprint         = "hep-ph/9909242",
      archivePrefix  = "arXiv",
      primaryClass   = "hep-ph",
      reportNumber   = "DESY-99-128",
      SLACcitation   = "%%CITATION = HEP-PH/9909242;%%",
}

@article{Kanemura:2012rs,
      author         = "Kanemura, Shinya and Yagyu, Kei",
      title          = "{Radiative corrections to electroweak parameters in the
                        Higgs triplet model and implication with the recent Higgs
                        boson searches}",
      journal        = "Phys.Rev.",
      volume         = "D85",
      pages          = "115009",
      doi            = "10.1103/PhysRevD.85.115009",
      year           = "2012",
      eprint         = "1201.6287",
      archivePrefix  = "arXiv",
      primaryClass   = "hep-ph",
      reportNumber   = "UT-HET-064",
      SLACcitation   = "%%CITATION = ARXIV:1201.6287;%%",
}


@article{Czakon:1999ue,
      author         = "Czakon, M. and Zralek, M. and Gluza, J.",
      title          = "{Left-right symmetry and heavy particle quantum effects}",
      journal        = "Nucl.Phys.",
      volume         = "B573",
      pages          = "57-74",
      doi            = "10.1016/S0550-3213(99)00717-8",
      year           = "2000",
      eprint         = "hep-ph/9906356",
      archivePrefix  = "arXiv",
      primaryClass   = "hep-ph",
      SLACcitation   = "%%CITATION = HEP-PH/9906356;%%",
}


@article{Czakon:1999ga,
      author         = "Czakon, M. and Gluza, J. and Zralek, M.",
      title          = "{Low-energy physics and left-right symmetry: Bounds on
                        the model parameters}",
      journal        = "Phys.Lett.",
      volume         = "B458",
      pages          = "355-360",
      doi            = "10.1016/S0370-2693(99)00567-5",
      year           = "1999",
      eprint         = "hep-ph/9904216",
      archivePrefix  = "arXiv",
      primaryClass   = "hep-ph",
      SLACcitation   = "%%CITATION = HEP-PH/9904216;%%",
}

@article{Chakrabortty:2012mh,
      author         = "Chakrabortty, Joydeep and Devi, H. Zeen and Goswami,
                        Srubabati and Patra, Sudhanwa",
      title          = "{Neutrinoless double-$\beta$ decay in TeV scale
                        Left-Right symmetric models}",
      journal        = "JHEP",
      volume         = "1208",
      pages          = "008",
      doi            = "10.1007/JHEP08(2012)008",
      year           = "2012",
      eprint         = "1204.2527",
      archivePrefix  = "arXiv",
      primaryClass   = "hep-ph",
      SLACcitation   = "%%CITATION = ARXIV:1204.2527;%%",
}

@article{Shaban:1992he,
      author         = "Shaban, N.T. and Stirling, W. James",
      title          = "{Minimal left-right symmetry and SO(10) grand unification
                        using LEP coupling constant measurements}",
      journal        = "Phys.Lett.",
      volume         = "B291",
      pages          = "281-287",
      doi            = "10.1016/0370-2693(92)91046-C",
      year           = "1992",
      reportNumber   = "DTP-92-08",
      SLACcitation   = "%%CITATION = PHLTA,B291,281;%%",
}

@article{Chatrchyan:2012oaa,
      author         = "Chatrchyan, Serguei and others",
      title          = "{Search for heavy narrow dilepton resonances in $pp$
                        collisions at $\sqrt{s}=7$ TeV and $\sqrt{s}=8$ TeV}",
      collaboration  = "CMS",
      journal        = "Phys.Lett.",
      volume         = "B720",
      pages          = "63-82",
      doi            = "10.1016/j.physletb.2013.02.003",
      year           = "2013",
      eprint         = "1212.6175",
      archivePrefix  = "arXiv",
      primaryClass   = "hep-ex",
      reportNumber   = "CMS-EXO-12-015, CERN-PH-EP-2012-364",
      SLACcitation   = "%%CITATION = ARXIV:1212.6175;%%",
}

@article{Aad:2012hf,
      author         = "Aad, Georges and others",
      title          = "{Search for high-mass resonances decaying to dilepton
                        final states in pp collisions at s**(1/2) = 7-TeV with the
                        ATLAS detector}",
      collaboration  = "ATLAS",
      journal        = "JHEP",
      volume         = "1211",
      pages          = "138",
      doi            = "10.1007/JHEP11(2012)138",
      year           = "2012",
      eprint         = "1209.2535",
      archivePrefix  = "arXiv",
      primaryClass   = "hep-ex",
      reportNumber   = "CERN-PH-EP-2012-190",
      SLACcitation   = "%%CITATION = ARXIV:1209.2535;%%",
}


@article{CMS:2013rca,
      author         = "CMS Collaboration",
      title          = "{Search for leptonic decays of W' bosons in pp collisions
                        at sqrt(s)=8 TeV}",
      year           = "2013",
      reportNumber   = "CMS-PAS-EXO-12-060",
      SLACcitation   = "%%CITATION = CMS-PAS-EXO-12-060 ETC.;%%",
}

@article{Aad:2012dm,
      author         = "Aad, Georges and others",
      title          = "{ATLAS search for a heavy gauge boson decaying to a
                        charged lepton and a neutrino in $pp$ collisions at
                        $\sqrt{s}=7$ TeV}",
      collaboration  = "ATLAS",
      journal        = "Eur.Phys.J.",
      volume         = "C72",
      pages          = "2241",
      doi            = "10.1140/epjc/s10052-012-2241-5",
      year           = "2012",
      eprint         = "1209.4446",
      archivePrefix  = "arXiv",
      primaryClass   = "hep-ex",
      reportNumber   = "CERN-PH-EP-2012-245",
      SLACcitation   = "%%CITATION = ARXIV:1209.4446;%%",
}

@article{CMS:2013qca,
      author         = "CMS Collaboration",
      title          = "{Search for Resonances in the Dilepton Mass Distribution
                        in pp Collisions at sqrt(s) = 8 TeV}",
      year           = "2013",
      eprint   = "CMS-PAS-EXO-12-061",
      reportNumber   = "CMS-PAS-EXO-12-061",
      SLACcitation   = "%%CITATION = CMS-PAS-EXO-12-061 ETC.;%%",
}

@article{CMS:2013rca,
      author         = "CMS Collaboration",
      title          = "{Search for leptonic decays of W' bosons in pp collisions                        at sqrt(s)=8 TeV}",
      year           = "2013",
      reportNumber   = "CMS-PAS-EXO-12-060",
      SLACcitation   = "%%CITATION = CMS-PAS-EXO-12-060 ETC.;%%",
} 

@article{ATLAS:2013jma,
      key            = "1229965",
      title          = "{Search for high-mass dilepton resonances in 20~$fb^{-1}$
                        of $pp$ collisions at $\sqrt s = 8$~TeV with the ATLAS
                        experiment}",
      collaboration  = "ATLAS",
      year           = "2013",
      eprint   = "ATLAS-CONF-2013-017, ATLAS-COM-CONF-2013-010",
      reportNumber   = "ATLAS-CONF-2013-017, ATLAS-COM-CONF-2013-010",
      SLACcitation   = "%%CITATION = ATLAS-CONF-2013-017 ETC.;%%",
}      

@article{CMS:2013rca,
      author     = "CMS Collaboration",
      title          = "{Search for leptonic decays of W' bosons in pp collisions
                        at sqrt(s)=8 TeV}",
      year           = "2013",
      eprint  = "CMS-PAS-EXO-12-060",
      reportNumber   = "CMS-PAS-EXO-12-060",
      SLACcitation   = "%%CITATION = CMS-PAS-EXO-12-060 ETC.;%%",
}

@article{Aad:2012dm,
      author         = "Aad, Georges and others",
      title          = "{ATLAS search for a heavy gauge boson decaying to a
                        charged lepton and a neutrino in $pp$ collisions at
                        $\sqrt{s}=7$ TeV}",
      collaboration  = "ATLAS",
      journal        = "Eur.Phys.J.",
      volume         = "C72",
      pages          = "2241",
      doi            = "10.1140/epjc/s10052-012-2241-5",
      year           = "2012",
      eprint         = "1209.4446",
      archivePrefix  = "arXiv",
      primaryClass   = "hep-ex",
      reportNumber   = "CERN-PH-EP-2012-245",
      SLACcitation   = "%%CITATION = ARXIV:1209.4446;%%",
}

@article{CMS:2013qca,
      author         = "CMS Collaboration",
      title          = "{Search for Resonances in the Dilepton Mass Distribution
                        in pp Collisions at sqrt(s) = 8 TeV}",
      year           = "2013",
      eprint   = "CMS-PAS-EXO-12-061",
      reportNumber   = "CMS-PAS-EXO-12-061",
      SLACcitation   = "%%CITATION = CMS-PAS-EXO-12-061 ETC.;%%",
}

@article{ATLAS:2013jma,
      key            = "1229965",
      title          = "{Search for high-mass dilepton resonances in 20~$fb^{-1}$
                        of $pp$ collisions at $\sqrt s = 8$~TeV with the ATLAS
                        experiment}",
      collaboration  = "ATLAS",
      year           = "2013",
      reportNumber   = "ATLAS-CONF-2013-017, ATLAS-COM-CONF-2013-010",
      SLACcitation   = "%%CITATION = ATLAS-CONF-2013-017 ETC.;%%",      
}      

@article{Aad:2012rjx,
      author         = "Aad, Georges and others",
      title          = "{Search for charged Higgs bosons through the violation of
                        lepton universality in $t\bar{t}$ events using $pp$
                        collision data at $\sqrt{s}=7$ TeV with the ATLAS
                        experiment}",
      collaboration  = "ATLAS Collaboration",
      journal        = "JHEP",
      volume         = "1303",
      pages          = "076",
      doi            = "10.1007/JHEP03(2013)076",
      year           = "2013",
      eprint         = "1212.3572",
      archivePrefix  = "arXiv",
      primaryClass   = "hep-ex",
      reportNumber   = "CERN-PH-EP-2012-347",
      SLACcitation   = "%%CITATION = ARXIV:1212.3572;%%",
}

@article{Aad:2012rjx,
      author         = "Aad, Georges and others",
      title          = "{Search for charged Higgs bosons through the violation of
                        lepton universality in $t\bar{t}$ events using $pp$
                        collision data at $\sqrt{s}=7$ TeV with the ATLAS
                        experiment}",
      collaboration  = "ATLAS Collaboration",
      journal        = "JHEP",
      volume         = "1303",
      pages          = "076",
      doi            = "10.1007/JHEP03(2013)076",
      year           = "2013",
      eprint         = "1212.3572",
      archivePrefix  = "arXiv",
      primaryClass   = "hep-ex",
      reportNumber   = "CERN-PH-EP-2012-347",
      SLACcitation   = "%%CITATION = ARXIV:1212.3572;%%",
}

@article{Chatrchyan:2012vca,
      author         = "Chatrchyan, Serguei and others",
      title          = "{Search for a light charged Higgs boson in top quark
                        decays in $pp$ collisions at $\sqrt{s}=7$ TeV}",
      collaboration  = "CMS",
      journal        = "JHEP",
      volume         = "1207",
      pages          = "143",
      doi            = "10.1007/JHEP07(2012)143",
      year           = "2012",
      eprint         = "1205.5736",
      archivePrefix  = "arXiv",
      primaryClass   = "hep-ex",
      reportNumber   = "CMS-HIG-11-019, CERN-PH-EP-2012-123",
      SLACcitation   = "%%CITATION = ARXIV:1205.5736;%%",
}

@article{Chatrchyan:2012ya,
      author         = "Chatrchyan, Serguei and others",
      title          = "{A search for a doubly-charged Higgs boson in $pp$
                        collisions at $\sqrt{s}=7$ TeV}",
      collaboration  = "CMS",
      journal        = "Eur.Phys.J.",
      volume         = "C72",
      pages          = "2189",
      doi            = "10.1140/epjc/s10052-012-2189-5",
      year           = "2012",
      eprint         = "1207.2666",
      archivePrefix  = "arXiv",
      primaryClass   = "hep-ex",
      reportNumber   = "CMS-HIG-12-005, CERN-PH-EP-2012-169",
      SLACcitation   = "%%CITATION = ARXIV:1207.2666;%%",
}

@article{ATLAS:2012hi,
      author         = "Aad, Georges and others",
      title          = "{Search for doubly-charged Higgs bosons in like-sign
                        dilepton final states at $\sqrt{s}=7$ TeV with the ATLAS
                        detector}",
      collaboration  = "ATLAS",
      journal        = "Eur.Phys.J.",
      volume         = "C72",
      pages          = "2244",
      doi            = "10.1140/epjc/s10052-012-2244-2",
      year           = "2012",
      eprint         = "1210.5070",
      archivePrefix  = "arXiv",
      primaryClass   = "hep-ex",
      reportNumber   = "CERN-PH-EP-2012-265",
      SLACcitation   = "%%CITATION = ARXIV:1210.5070;%%",
}



@article{CMS:2012zv,
      author         = "Chatrchyan, Serguei and others",
      title          = "{Search for heavy neutrinos and W[R] bosons with
                        right-handed couplings in a left-right symmetric model in
                        pp collisions at sqrt(s) = 7 TeV}",
      collaboration  = "CMS",
      journal        = "Phys.Rev.Lett.",
      volume         = "109",
      pages          = "261802",
      doi            = "10.1103/PhysRevLett.109.261802",
      year           = "2012",
      eprint         = "1210.2402",
      archivePrefix  = "arXiv",
      primaryClass   = "hep-ex",
      reportNumber   = "CMS-EXO-11-091, CERN-PH-EP-2012-235",
      SLACcitation   = "%%CITATION = ARXIV:1210.2402;%%",
}

@article{Aad:2012dm,
      author         = "Aad, Georges and others",
      title          = "{ATLAS search for a heavy gauge boson decaying to a
                        charged lepton and a neutrino in $pp$ collisions at
                        $\sqrt{s}=7$ TeV}",
      collaboration  = "ATLAS",
      journal        = "Eur.Phys.J.",
      volume         = "C72",
      pages          = "2241",
      doi            = "10.1140/epjc/s10052-012-2241-5",
      year           = "2012",
      eprint         = "1209.4446",
      archivePrefix  = "arXiv",
      primaryClass   = "hep-ex",
      reportNumber   = "CERN-PH-EP-2012-245",
      SLACcitation   = "%%CITATION = ARXIV:1209.4446;%%",
}

@article{Wilczek:1977zn,
      author         = "Wilczek, Frank",
      title          = "{Decays of Heavy Vector Mesons Into Higgs Particles}",
      journal        = "Phys.Rev.Lett.",
      volume         = "39",
      pages          = "1304",
      doi            = "10.1103/PhysRevLett.39.1304",
      year           = "1977",
      reportNumber   = "FERMILAB-PUB-77-080-THY, FERMILAB-PUB-77-080-T",
      SLACcitation   = "%%CITATION = PRLTA,39,1304;%%",
}

@article{CMS:2012kua,
      key            = "1199078",
      title          = "{Inclusive search for doubly charged Higgs in leptonic
                        final states with the 2011 data at 7 TeV}",
      collaboration  = "CMS",
      year           = "2012",
      eprint         = "CMS-PAS-HIG-12-005",
      SLACcitation   = "%%CITATION = CMS-PAS-HIG-12-005 ETC.;%%",
}


@article{Dev:2013oxa,
      author         = "Dev, P. S. Bhupal and Lee, Chang-Hun and Mohapatra, R.N.",
      title          = "{Natural TeV-Scale Left-Right Seesaw for Neutrinos and
                        Experimental Tests}",
      year           = "2013",
      eprint         = "1309.0774",
      archivePrefix  = "arXiv",
      primaryClass   = "hep-ph",
      reportNumber   = "UMD-PP-013-011, MAN-HEP-2013-21",
      SLACcitation   = "%%CITATION = ARXIV:1309.0774;%%",
}


@article{Frank:2011rb,
      author         = "Frank, Mariana and Hayreter, Alper and Turan, Ismail",
      title          = "{Top Quark Pair Production and Asymmetry at the Tevatron
                        and LHC in Left-Right Models}",
      journal        = "Phys.Rev.",
      volume         = "D84",
      pages          = "114007",
      doi            = "10.1103/PhysRevD.84.114007",
      year           = "2011",
      eprint         = "1108.0998",
      archivePrefix  = "arXiv",
      primaryClass   = "hep-ph",
      SLACcitation   = "%%CITATION = ARXIV:1108.0998;%%",
}

@article{Georgi:1977gs,
      author         = "Georgi, H.M. and Glashow, S.L. and Machacek, M.E. and
                        Nanopoulos, Dimitri V.",
      title          = "{Higgs Bosons from Two Gluon Annihilation in Proton
                        Proton Collisions}",
      journal        = "Phys.Rev.Lett.",
      volume         = "40",
      pages          = "692",
      doi            = "10.1103/PhysRevLett.40.692",
      year           = "1978",
      reportNumber   = "HUTP-77/A084",
      SLACcitation   = "%%CITATION = PRLTA,40,692;%%",
}

@article{Ellis:1979jy,
      author         = "Ellis, John R. and Gaillard, M.K. and Nanopoulos, Dimitri
                        V. and Sachrajda, Christopher T.",
      title          = "{Is the Mass of the Higgs Boson About 10-GeV?}",
      journal        = "Phys.Lett.",
      volume         = "B83",
      pages          = "339",
      doi            = "10.1016/0370-2693(79)91122-5",
      year           = "1979",
      reportNumber   = "CERN-TH-2634",
      SLACcitation   = "%%CITATION = PHLTA,B83,339;%%",
}


@article{Rizzo:1979mf,
      author         = "Rizzo, Thomas G.",
      title          = "{GLUON FINAL STATES IN HIGGS BOSON DECAY}",
      journal        = "Phys.Rev.",
      volume         = "D22",
      pages          = "178",
      doi            = "10.1103/PhysRevD.22.178",
      year           = "1980",
      reportNumber   = "BNL-27218, BNL-27869 ADD",
      SLACcitation   = "%%CITATION = PHRVA,D22,178;%%",
}

@article{Dawson:1990zj,
      author         = "Dawson, S.",
      title          = "{Radiative corrections to Higgs boson production}",
      journal        = "Nucl.Phys.",
      volume         = "B359",
      pages          = "283-300",
      doi            = "10.1016/0550-3213(91)90061-2",
      year           = "1991",
      reportNumber   = "PRINT-91-0092 (BNL), BNL-45446",
      SLACcitation   = "%%CITATION = NUPHA,B359,283;%%",
}

@article{Djouadi:1991tka,
      author         = "Djouadi, A. and Spira, M. and Zerwas, P.M.",
      title          = "{Production of Higgs bosons in proton colliders: QCD
                        corrections}",
      journal        = "Phys.Lett.",
      volume         = "B264",
      pages          = "440-446",
      doi            = "10.1016/0370-2693(91)90375-Z",
      year           = "1991",
      reportNumber   = "PITHA-91-6",
      SLACcitation   = "%%CITATION = PHLTA,B264,440;%%",
}

@article{Ravindran:2003um,
      author         = "Ravindran, V. and Smith, J. and van Neerven, W. L.",
      title          = "{NNLO corrections to the total cross-section for Higgs
                        boson production in hadron hadron collisions}",
      journal        = "Nucl.Phys.",
      volume         = "B665",
      pages          = "325-366",
      doi            = "10.1016/S0550-3213(03)00457-7",
      year           = "2003",
      eprint         = "hep-ph/0302135",
      archivePrefix  = "arXiv",
      primaryClass   = "hep-ph",
      reportNumber   = "YITP-SB-03-02, INLO-PUB-01-03",
      SLACcitation   = "%%CITATION = HEP-PH/0302135;%%",
}

@article{Mangano:2002ea,
      author         = "Mangano, Michelangelo L. and Moretti, Mauro and
                        Piccinini, Fulvio and Pittau, Roberto and Polosa, Antonio
                        D.",
      title          = "{ALPGEN, a generator for hard multiparton processes in
                        hadronic collisions}",
      journal        = "JHEP",
      volume         = "0307",
      pages          = "001",
      year           = "2003",
      eprint         = "hep-ph/0206293",
      archivePrefix  = "arXiv",
      primaryClass   = "hep-ph",
      reportNumber   = "CERN-TH-2002-129, FTN-T-2002-06",
      SLACcitation   = "%%CITATION = HEP-PH/0206293;%%",
}

@article{Chen:2008jg,
      author         = "Chen, Mu-Chun and Dawson, Sally and Jackson, C.B.",
      title          = "{Higgs Triplets, Decoupling, and Precision Measurements}",
      journal        = "Phys.Rev.",
      volume         = "D78",
      pages          = "093001",
      doi            = "10.1103/PhysRevD.78.093001",
      year           = "2008",
      eprint         = "0809.4185",
      archivePrefix  = "arXiv",
      primaryClass   = "hep-ph",
      SLACcitation   = "%%CITATION = ARXIV:0809.4185;%%",
}

@article{Cacciari:2008zb,
      author         = "Cacciari, Matteo and Frixione, Stefano and Mangano,
                        Michelangelo L. and Nason, Paolo and Ridolfi, Giovanni",
      title          = "{Updated predictions for the total production cross
                        sections of top and of heavier quark pairs at the Tevatron
                        and at the LHC}",
      journal        = "JHEP",
      volume         = "0809",
      pages          = "127",
      doi            = "10.1088/1126-6708/2008/09/127",
      year           = "2008",
      eprint         = "0804.2800",
      archivePrefix  = "arXiv",
      primaryClass   = "hep-ph",
      SLACcitation   = "%%CITATION = ARXIV:0804.2800;%%",
}

@article{Pumplin:2002vw,
      author         = "Pumplin, J. and Stump, D.R. and Huston, J. and Lai, H.L.
                        and Nadolsky, Pavel M. and others",
      title          = "{New generation of parton distributions with
                        uncertainties from global QCD analysis}",
      journal        = "JHEP",
      volume         = "0207",
      pages          = "012",
      year           = "2002",
      eprint         = "hep-ph/0201195",
      archivePrefix  = "arXiv",
      primaryClass   = "hep-ph",
      reportNumber   = "MSU-HEP-011101",
      SLACcitation   = "%%CITATION = HEP-PH/0201195;%%",
}

@article{Sjostrand:2006za,
      author         = "Sjostrand, Torbjorn and Mrenna, Stephen and Skands, Peter
                        Z.",
      title          = "{PYTHIA 6.4 Physics and Manual}",
      journal        = "JHEP",
      volume         = "0605",
      pages          = "026",
      doi            = "10.1088/1126-6708/2006/05/026",
      year           = "2006",
      eprint         = "hep-ph/0603175",
      archivePrefix  = "arXiv",
      primaryClass   = "hep-ph",
      reportNumber   = "FERMILAB-PUB-06-052-CD-T, LU-TP-06-13",
      SLACcitation   = "%%CITATION = HEP-PH/0603175;%%",
}

@article{Alwall:2006yp,
      author         = "Alwall, Johan and Ballestrero, A. and Bartalini, P. and
                        Belov, S. and Boos, E. and others",
      title          = "{A Standard format for Les Houches event files}",
      journal        = "Comput.Phys.Commun.",
      volume         = "176",
      pages          = "300-304",
      doi            = "10.1016/j.cpc.2006.11.010",
      year           = "2007",
      eprint         = "hep-ph/0609017",
      archivePrefix  = "arXiv",
      primaryClass   = "hep-ph",
      reportNumber   = "FERMILAB-PUB-06-337-T, CERN-LCGAPP-2006-03",
      SLACcitation   = "%%CITATION = HEP-PH/0609017;%%",
}

@article{Schechter:1981cv,
      author         = "Schechter, J. and Valle, J. W. F.",
      title          = "{Neutrino Decay and Spontaneous Violation of Lepton
                        Number}",
      journal        = "Phys. Rev.",
      volume         = "D25",
      year           = "1982",
      pages          = "774",
      doi            = "10.1103/PhysRevD.25.774",
      reportNumber   = "SU-4217-203, COO-3533-203",
      SLACcitation   = "%%CITATION = PHRVA,D25,774;%%"
}
@article{Wolfenstein:1981kw,
      author         = "Wolfenstein, Lincoln",
      title          = "{Different Varieties of Massive Dirac Neutrinos}",
      journal        = "Nucl. Phys.",
      volume         = "B186",
      year           = "1981",
      pages          = "147",
      doi            = "10.1016/0550-3213(81)90096-1",
      reportNumber   = "COO-3066-164",
      SLACcitation   = "%%CITATION = NUPHA,B186,147;%%"
}


@article{Degrande:2011ua,
      author         = "Degrande, Celine and Duhr, Claude and Fuks, Benjamin and
                        Grellscheid, David and Mattelaer, Olivier and others",
      title          = "{UFO - The Universal FeynRules Output}",
      journal        = "Comput.Phys.Commun.",
      volume         = "183",
      pages          = "1201-1214",
      doi            = "10.1016/j.cpc.2012.01.022",
      year           = "2012",
      eprint         = "1108.2040",
      archivePrefix  = "arXiv",
      primaryClass   = "hep-ph",
      reportNumber   = "CP3-11-25, IPHC-PHENO-11-04, IPPP-11-39, DCPT-11-78,
                        MPP-2011-68",
      SLACcitation   = "%%CITATION = ARXIV:1108.2040;%%",
}

@article{Christensen:2008py,
      author         = "Christensen, Neil D. and Duhr, Claude",
      title          = "{FeynRules - Feynman rules made easy}",
      journal        = "Comput.Phys.Commun.",
      volume         = "180",
      pages          = "1614-1641",
      doi            = "10.1016/j.cpc.2009.02.018",
      year           = "2009",
      eprint         = "0806.4194",
      archivePrefix  = "arXiv",
      primaryClass   = "hep-ph",
      reportNumber   = "MSUHEP-080616, CP3-08-20",
      SLACcitation   = "%%CITATION = ARXIV:0806.4194;%%",
}

@article{Alwall:2011uj,
      author         = "Alwall, Johan and Herquet, Michel and Maltoni, Fabio and
                        Mattelaer, Olivier and Stelzer, Tim",
      title          = "{MadGraph 5 : Going Beyond}",
      journal        = "JHEP",
      volume         = "1106",
      pages          = "128",
      doi            = "10.1007/JHEP06(2011)128",
      year           = "2011",
      eprint         = "1106.0522",
      archivePrefix  = "arXiv",
      primaryClass   = "hep-ph",
      reportNumber   = "FERMILAB-PUB-11-448-T",
      SLACcitation   = "%%CITATION = ARXIV:1106.0522;%%",
}

@article{Belyaev:2012qa,
      author         = "Belyaev, Alexander and Christensen, Neil D. and Pukhov,
                        Alexander",
      title          = "{CalcHEP 3.4 for collider physics within and beyond the
                        Standard Model}",
      journal        = "Comput.Phys.Commun.",
      volume         = "184",
      pages          = "1729-1769",
      doi            = "10.1016/j.cpc.2013.01.014",
      year           = "2013",
      eprint         = "1207.6082",
      archivePrefix  = "arXiv",
      primaryClass   = "hep-ph",
      reportNumber   = "PITT-PACC-1209",
      SLACcitation   = "%%CITATION = ARXIV:1207.6082;%%",
}

@article{gb-jd-sg-pk,
      author         = "Bambhaniya, Gulab and Chakrabortty, Joydeep and Goswami,
                        Srubabati and Konar, Partha",
      title          = "{Generation of Neutrino mass from new physics at TeV
                        scale and Multi-lepton Signatures at the LHC}",
      year           = "2013",
      eprint         = "1305.2795",
      archivePrefix  = "arXiv",
      primaryClass   = "hep-ph",
      SLACcitation   = "%%CITATION = ARXIV:1305.2795;%%",
}

@article{PhysRevD.40.1722,
  title = {Two-photon decay width of the Higgs boson in left-right-symmetric theories},
  author = {Martinez, R. and Perez, M. A. and Toscano, J. J.},
  journal = {Phys. Rev. D},
  volume = {40},
  issue = {5},
  pages = {1722--1724},
  year = {1989},
  month = {Sep},
  doi = {10.1103/PhysRevD.40.1722},
  url = {http://link.aps.org/doi/10.1103/PhysRevD.40.1722},
  publisher = {American Physical Society}
}


@article{Picek:2012ei,
      author         = "Picek, Ivica and Radovcic, Branimir",
      title          = "{Enhancement of $h \to \gamma \gamma$ by seesaw-motivated
                        exotic scalars}",
      journal        = "Phys.Lett.",
      volume         = "B719",
      pages          = "404-408",
      doi            = "10.1016/j.physletb.2013.01.056",
      year           = "2013",
      eprint         = "1210.6449",
      archivePrefix  = "arXiv",
      primaryClass   = "hep-ph",
      SLACcitation   = "%%CITATION = ARXIV:1210.6449;%%",
}

@article{Carena:2012xa,
      author         = "Carena, Marcela and Low, Ian and Wagner, Carlos E.M.",
      title          = "{Implications of a Modified Higgs to Diphoton Decay
                        Width}",
      journal        = "JHEP",
      volume         = "1208",
      pages          = "060",
      doi            = "10.1007/JHEP08(2012)060",
      year           = "2012",
      eprint         = "1206.1082",
      archivePrefix  = "arXiv",
      primaryClass   = "hep-ph",
      reportNumber   = "ANL-HEP-PR-12-35",
      SLACcitation   = "%%CITATION = ARXIV:1206.1082;%%",
}

@article{ATLAS:hgg_moriond2013,
      key            = "1229970",
      title          = "{Measurements of the properties of the Higgs-like boson
                        in the two photon decay channel with the ATLAS detector
                        using 25 $\mathrm{fb}^{-1}$ of proton-proton collision
                        data}",
      collaboration  = "ATLAS",
      year           = "2013",
      eprint   = "ATLAS-CONF-2013-012, ATLAS-COM-CONF-2013-015",
      SLACcitation   = "%%CITATION = ATLAS-CONF-2013-012 ETC.;%%",
}

@article{ATLAS-CONF-2013-090,
      title         = "{Search for charged Higgs bosons in the $\tau$+jets final
                       state with pp collision data recorded at $\sqrt s=8$ TeV
                       with the ATLAS experiment}",
      collaboration   = "ATLAS",
      address       = "Geneva",
      eprint        = "ATLAS-CONF-2013-090",
      month         = "Aug",
      year          = "2013",
}

@article{CMS:hgg_moriond2013,
      key            = "CMS Collaboration",
      title          = "{Updated measurements of the Higgs boson at 125 GeV in
                        the two photon decay channel}",
      collaboration  = "CMS",
      year           = "2013",
      eprint   = "CMS-PAS-HIG-13-001",
      SLACcitation   = "%%CITATION = CMS-PAS-HIG-13-001 ETC.;%%",
}

@article{Searches:2001ac,
      key            = "559834",
      title          = "{Search for charged Higgs bosons: Preliminary combined
                        results using LEP data collected at energies up to
                        209-GeV}",
      collaboration  = "LEP Higgs Working Group for Higgs boson searches, ALEPH
                        Collaboration, DELPHI Collaboration, L3 Collaboration,
                        OPAL",
      year           = "2001",
      eprint         = "hep-ex/0107031",
      archivePrefix  = "arXiv",
      primaryClass   = "hep-ex",
      reportNumber   = "LHWG-NOTE-2001-05, ALEPH-2001-043, PHYSICS-2001-016,
                        DELPHI-2001-115, CERN-L3-NOTE-2689, OPAL-TN-696",
      SLACcitation   = "%%CITATION = HEP-EX/0107031;%%",
}

@article{Babu-Ayon,
      author         = "Babu, K.S. and Patra, Ayon and Rai, Santosh Kumar",
      title          = "{New Signals for Doubly-Charged Scalars and Fermions at
                        the Large Hadron Collider}",
      doi            = "10.1103/PhysRevD.88.055006",
      year           = "2013",
      eprint         = "1306.2066",
      archivePrefix  = "arXiv",
      primaryClass   = "hep-ph",
      reportNumber   = "OSU-HEP-13-04, RECAPP-HRI-2013-014",
      SLACcitation   = "%%CITATION = ARXIV:1306.2066;%%",
}

@article{Chakrabortty:2009xm,
      author         = "Chakrabortty, Joydeep and Raychaudhuri, Amitava",
      title          = "{GUTs with dim-5 interactions: Gauge Unification and
                        Intermediate Scales}",
      journal        = "Phys.Rev.",
      volume         = "D81",
      pages          = "055004",
      doi            = "10.1103/PhysRevD.81.055004",
      year           = "2010",
      eprint         = "0909.3905",
      archivePrefix  = "arXiv",
      primaryClass   = "hep-ph",
      reportNumber   = "HRI-P-09-09-001, RECAPP-HRI-2009-017, CU-PHYSICS-5-2009",
      SLACcitation   = "%%CITATION = ARXIV:0909.3905;%%",
}

@article{delAguila:2013mia,
      author         = "del Aguila, Francisco and Chala, Mikael",
      title          = "{LHC bounds on Lepton Number Violation mediated by doubly
                        and singly-charged scalars}",
      year           = "2013",
      eprint         = "1311.1510",
      archivePrefix  = "arXiv",
      primaryClass   = "hep-ph",
      SLACcitation   = "%%CITATION = ARXIV:1311.1510;%%",
}

@article{Dev:2013vxa,
      author         = "Bhupal Dev, P.S. and Goswami, Srubabati and Mitra,
                        Manimala and Rodejohann, Werner",
      title          = "{Constraining Neutrino Mass from Neutrinoless Double Beta
                        Decay}",
      year           = "2013",
      eprint         = "1305.0056",
      archivePrefix  = "arXiv",
      primaryClass   = "hep-ph",
      reportNumber   = "MAN-HEP-2013-08, IPPP-13-26, DCPT-13-52",
      SLACcitation   = "%%CITATION = ARXIV:1305.0056;%%",
}


@techreport{salo:1558322,
      author        = "Vuosalo, Carl Onni Urho",
      title         = "{Searches for new physics with leptons and/or jets at
                       CMS}",
      institution   = "CERN",
      collaboration = "CMS",
      address       = "Geneva",
      number        = "CMS-CR-2013-155. CERN-CMS-CR-2013-155",
      month         = "Jun",
      year          = "2013",
      note          = "Comments: 6 pages, 5 figures, presented at the XXI
                       International Workshop on Deep-Inelastic Scattering and
                       Related Subjects, April 2013, Marseille, France",
}

@article{CMS:kxa,
      author        = "CMS",
      title          = "{Search for Narrow Resonances using the Dijet Mass
                        Spectrum with 19.6$fb^{-1}$ of pp Collisions at $\sqrt{s}$=8 TeV}",
      year           = "2013",
      eprint  = "CMS-PAS-EXO-12-059",
      SLACcitation   = "%%CITATION = CMS-PAS-EXO-12-059 ETC.;%%",
}

@article{CMS:2013qca,
      author         = "CMS",
      title          = "{Search for Resonances in the Dilepton Mass Distribution
                        in pp Collisions at $\sqrt{s}$ = 8 TeV}",
      year           = "2013",
      eprint   = "CMS-PAS-EXO-12-061 ",
      reportNumber   = "CMS-PAS-EXO-12-061",
      SLACcitation   = "%%CITATION = CMS-PAS-EXO-12-061 ETC.;%%",
}

@article{Djouadi:2005gi,
      author         = "Djouadi, Abdelhak",
      title          = "{The Anatomy of electro-weak symmetry breaking. I: The
                        Higgs boson in the standard model}",
      journal        = "Phys.Rept.",
      volume         = "457",
      pages          = "1-216",
      doi            = "10.1016/j.physrep.2007.10.004",
      year           = "2008",
      eprint         = "hep-ph/0503172",
      archivePrefix  = "arXiv",
      primaryClass   = "hep-ph",
      reportNumber   = "LPT-ORSAY-05-17",
      SLACcitation   = "%%CITATION = HEP-PH/0503172;%%",
}


@article{TheATLAScollaboration:2013iha,
      author         = "ATLAS collaboration",
      title          = "{Search for $W' \rightarrow t\bar{b}$ in proton-proton
                        collisions at a centre-of-mass energy of $\sqrt{s}$ = 8
                        TeV with the ATLAS detector}",              
      year           = "2013",
      eprint = "ATLAS-CONF-2013-050, ATLAS-COM-CONF-2013-022",
      reportNumber   = "ATLAS-CONF-2013-050, ATLAS-COM-CONF-2013-022",
      SLACcitation   = "%%CITATION = ATLAS-CONF-2013-050 ETC.;%%",
}

%------------------------- VBF References --------------------------------------------

@article{Dutta:2014dba,
      author         = "Dutta, Bhaskar and Eusebi, Ricardo and Gao, Yu and Ghosh,
                        Tathagata and Kamon, Teruki",
      title          = "{Exploring the Doubly Charged Higgs of the Left-Right
                        Symmetric Model using Vector Boson Fusion-like Events at
                        the LHC}",
      journal        = "Phys.Rev.",
      volume         = "D90",
      pages          = "055015",
      doi            = "10.1103/PhysRevD.90.055015",
      year           = "2014",
      eprint         = "1404.0685",
      archivePrefix  = "arXiv",
      primaryClass   = "hep-ph",
      reportNumber   = "MIFPA-14-11",
      SLACcitation   = "%%CITATION = ARXIV:1404.0685;%%",
}



@article{Gangal:2013nxa,
      author         = "Gangal, Shireen and Tackmann, Frank J.",
      title          = "{Next-to-leading-order uncertainties in Higgs+2 jets from
                        gluon fusion}",
      journal        = "Phys.Rev.",
      number         = "9",
      volume         = "D87",
      pages          = "093008",
      doi            = "10.1103/PhysRevD.87.093008",
      year           = "2013",
      eprint         = "1302.5437",
      archivePrefix  = "arXiv",
      primaryClass   = "hep-ph",
      reportNumber   = "DESY-13-029",
      SLACcitation   = "%%CITATION = ARXIV:1302.5437;%%",
}

@article{Chatrchyan:2012gwa,
      author         = "Chatrchyan, Serguei and others",
      title          = "{Measurement of the inclusive production cross sections
                        for forward jets and for dijet events with one forward and
                        one central jet in $pp$ collisions at $\sqrt{s}=7$ TeV}",
      collaboration  = "CMS Collaboration",
      journal        = "JHEP",
      volume         = "1206",
      pages          = "036",
      doi            = "10.1007/JHEP06(2012)036",
      year           = "2012",
      eprint         = "1202.0704",
      archivePrefix  = "arXiv",
      primaryClass   = "hep-ex",
      reportNumber   = "CMS-FWD-11-002, CERN-PH-EP-2011-179",
      SLACcitation   = "%%CITATION = ARXIV:1202.0704;%%",
}

@article{Bambhaniya:2013wza,
      author         = "Bambhaniya, G. and Chakrabortty, J. and Gluza, J. and
                        Kordiaczy?ska, M. and Szafron, R.",
      title          = "{Left-Right Symmetry and the Charged Higgs Bosons at the
                        LHC}",
      journal        = "JHEP",
      volume         = "1405",
      pages          = "033",
      doi            = "10.1007/JHEP05(2014)033",
      year           = "2014",
      eprint         = "1311.4144",
      archivePrefix  = "arXiv",
      primaryClass   = "hep-ph",
      SLACcitation   = "%%CITATION = ARXIV:1311.4144;%%",
}


@article{Chakrabortty:2013mha,
      author         = "Chakrabortty, Joydeep and Konar, Partha and Mondal,
                        Tanmoy",
      title          = "{Copositive Criteria and Boundedness of the Scalar
                        Potential}",
      journal        = "Phys.Rev.",
      volume         = "D89",
      pages          = "095008",
      doi            = "10.1103/PhysRevD.89.095008",
      year           = "2014",
      eprint         = "1311.5666",
      archivePrefix  = "arXiv",
      primaryClass   = "hep-ph",
      SLACcitation   = "%%CITATION = ARXIV:1311.5666;%%",
}

@article{ATLAS:2014kca,
      author         = "Aad, Georges and others",
      title          = "{Search for anomalous production of prompt same-sign
                        lepton pairs and pair-produced doubly charged Higgs bosons
                        with $\sqrt{s} = 8$ TeV $pp$ collisions using the ATLAS
                        detector}",
      collaboration  = " ATLAS",
      year           = "2014",
      eprint         = "1412.0237",
      archivePrefix  = "arXiv",
      primaryClass   = "hep-ex",
      reportNumber   = "CERN-PH-EP-2014-158",
      SLACcitation   = "%%CITATION = ARXIV:1412.0237;%%",
}

@article{Datta:1999nc,
      author         = "Datta, Anindya and Raychaudhuri, Amitava",
      title          = "{Mass bounds for triplet scalars of the left-right
                        symmetric model and their future detection prospects}",
      journal        = "Phys.Rev.",
      volume         = "D62",
      pages          = "055002",
      doi            = "10.1103/PhysRevD.62.055002",
      year           = "2000",
      eprint         = "hep-ph/9905421",
      archivePrefix  = "arXiv",
      primaryClass   = "hep-ph",
      reportNumber   = "CUPP-99-3",
      SLACcitation   = "%%CITATION = HEP-PH/9905421;%%",
}

%********************************  33 TeV Ref. **********

@article{Agashe:2013kyb,
      author         = "Agashe, Kaustubh and Antipin, Oleg and Backovic, Mihailo
                        and Effron, Aaron and Emerman, Alex and others",
      title          = "{Warped Extra Dimensional Benchmarks for Snowmass 2013}",
      year           = "2013",
      eprint         = "1309.7847",
      archivePrefix  = "arXiv",
      primaryClass   = "hep-ph",
      SLACcitation   = "%%CITATION = ARXIV:1309.7847;%%",
}

@article{Avetisyan:2013rca,
      author         = "Avetisyan, Aram and Bose, Tulika",
      title          = "{Search for top partners with charge 5e/3}",
      year           = "2013",
      eprint         = "1309.2234",
      archivePrefix  = "arXiv",
      primaryClass   = "hep-ex",
      SLACcitation   = "%%CITATION = ARXIV:1309.2234;%%",
}

@article{Bhattacharya:2013iea,
      author         = "Bhattacharya, Saptaparna and George, Jimin and Heintz,
                        Ulrich and Kumar, Ashish and Narain, Meenakshi and others",
      title          = "{Prospects for a Heavy Vector-Like Charge $2/3$ Quark T
                        search at the LHC with $\sqrt{s}=14 TeV$ and $33$ TeV. "A
                        Snowmass 2013 Whitepaper"}",
      year           = "2013",
      eprint         = "1309.0026",
      archivePrefix  = "arXiv",
      primaryClass   = "hep-ex",
      SLACcitation   = "%%CITATION = ARXIV:1309.0026;%%",
}

@article{Varnes:2013pxa,
      author         = "Varnes, Erich W.",
      title          = "{Vector-like $B$ pair production at future $pp$
                        colliders}",
      year           = "2013",
      eprint         = "1309.0788",
      archivePrefix  = "arXiv",
      primaryClass   = "hep-ex",
      SLACcitation   = "%%CITATION = ARXIV:1309.0788;%%",
}

@article{Andeen:2013zca,
      author         = "Andeen, Tim and Bernard, Clare and Black, Kevin and
                        Childres, Taylor and Dell'Asta, Lidia and others",
      title          = "{Sensitivity to the Single Production of Vector-Like
                        Quarks at an Upgraded Large Hadron Collider}",
      year           = "2013",
      eprint         = "1309.1888",
      archivePrefix  = "arXiv",
      primaryClass   = "hep-ph",
      SLACcitation   = "%%CITATION = ARXIV:1309.1888;%%",
}

@article{Apanasevich:2013cta,
      author         = "Apanasevich, Leonard and Upadhyay, Suneet and Varelas,
                        Nikos and Whiteson, Daniel and Yu, Felix",
      title          = "{Sensitivity of potential future $pp$ colliders to quark
                        compositeness}",
      year           = "2013",
      eprint         = "1307.7149",
      archivePrefix  = "arXiv",
      primaryClass   = "hep-ex",
      reportNumber   = "FERMILAB-CONF-13-299-T",
      SLACcitation   = "%%CITATION = ARXIV:1307.7149;%%",
}

@ARTICLE{2013arXiv1309.7452D,
   author = {{Degrande}, C. and {Holzbauer}, J.~L. and {Hsu}, S.-C. and {Kotwal}, A.~V. and 
	{Li}, S. and {Marx}, M. and {Mattelaer}, O. and {Metcalfe}, J. and 
	{Pleier}, M.-A. and {Pollard}, C. and {Rominsky}, M. and {Wackeroth}, D.
	},
    title = "{Studies of Vector Boson Scattering And Triboson Production with DELPHES Parametrized Fast Simulation for Snowmass 2013}",
  journal = {ArXiv e-prints},
archivePrefix = "arXiv",
   eprint = {1309.7452},
 primaryClass = "physics.comp-ph",
 keywords = {Physics - Computational Physics, High Energy Physics - Phenomenology},
     year = 2013,
    month = sep,
   adsurl = {http://adsabs.harvard.edu/abs/2013arXiv1309.7452D},
  adsnote = {Provided by the SAO/NASA Astrophysics Data System}
}

@article{Stolarski:2013msa,
      author         = "Stolarski, Daniel",
      title          = "{Reach in All Hadronic Stop Decays: A Snowmass White
                        Paper}",
      year           = "2013",
      eprint         = "1309.1514",
      archivePrefix  = "arXiv",
      primaryClass   = "hep-ph",
      reportNumber   = "SNOW13-00150",
      SLACcitation   = "%%CITATION = ARXIV:1309.1514;%%",
}

@article{Yu:2013wta,
      author         = "Yu, Felix",
      title          = "{Di-jet resonances at future hadron colliders: A Snowmass
                        whitepaper}",
      year           = "2013",
      eprint         = "1308.1077",
      archivePrefix  = "arXiv",
      primaryClass   = "hep-ph",
      reportNumber   = "FERMILAB-CONF-13-304-T",
      SLACcitation   = "%%CITATION = ARXIV:1308.1077;%%",
}

@article{Zhou:2013raa,
      author         = "Zhou, Ning and Berge, David and Wang, LianTao and
                        Whiteson, Daniel and Tait, Tim",
      title          = "{Sensitivity of future collider facilities to WIMP pair
                        production via effective operators and light mediators}",
      year           = "2013",
      eprint         = "1307.5327",
      archivePrefix  = "arXiv",
      primaryClass   = "hep-ex",
      SLACcitation   = "%%CITATION = ARXIV:1307.5327;%%",
}

@article{Barr:2014sga,
      author         = "Barr, Alan J. and Dolan, Matthew J. and Englert,
                        Christoph and de Lima, Danilo Enoque Ferreira and
                        Spannowsky, Michael",
      title          = "{Higgs Self-Coupling Measurements at a 100 TeV Hadron
                        Collider}",
      year           = "2014",
      eprint         = "1412.7154",
      archivePrefix  = "arXiv",
      primaryClass   = "hep-ph",
      reportNumber   = "IPPP-14-110, DCPT-14-220",
      SLACcitation   = "%%CITATION = ARXIV:1412.7154;%%",
}

@article{Bramante:2014tba,
      author         = "Bramante, Joseph and Fox, Patrick J. and Martin, Adam and
                        Ostdiek, Bryan and Plehn, Tilman and others",
      title          = "{The Relic Neutralino Surface at a 100 TeV collider}",
      year           = "2014",
      eprint         = "1412.4789",
      archivePrefix  = "arXiv",
      primaryClass   = "hep-ph",
      reportNumber   = "FERMILAB-PUB-14-517-T, IPMU14-0346",
      SLACcitation   = "%%CITATION = ARXIV:1412.4789;%%",
}

@article{Cohen:2013zla,
      author         = "Cohen, Timothy and Golling, Tobias and Hance, Mike and
                        Henrichs, Anna and Howe, Kiel and others",
      title          = "{A Comparison of Future Proton Colliders Using SUSY
                        Simplified Models: A Snowmass Whitepaper}",
      year           = "2013",
      eprint         = "1310.0077",
      archivePrefix  = "arXiv",
      primaryClass   = "hep-ph",
      SLACcitation   = "%%CITATION = ARXIV:1310.0077;%%",
}

@article{Cohen:2013xda,
      author         = "Cohen, Timothy and Golling, Tobias and Hance, Mike and
                        Henrichs, Anna and Howe, Kiel and others",
      title          = "{SUSY Simplified Models at 14, 33, and 100 TeV Proton
                        Colliders}",
      journal        = "JHEP",
      volume         = "1404",
      pages          = "117",
      doi            = "10.1007/JHEP04(2014)117",
      year           = "2014",
      eprint         = "1311.6480",
      archivePrefix  = "arXiv",
      primaryClass   = "hep-ph",
      reportNumber   = "SLAC-PUB-15857",
      SLACcitation   = "%%CITATION = ARXIV:1311.6480;%%",
}
@techreport{Assmann:1284326,
      author        = "Assmann, R and Bailey, R and Brüning, O and Dominguez
                       Sanchez, O and de Rijk, G and Jimenez, J M and Myers, S and
                       Rossi, L and Tavian, L and Todesco, E and Zimmermann, F",
      title         = "{First Thoughts on a Higher-Energy LHC}",
      institution   = "CERN",
      address       = "Geneva",
      number        = "CERN-ATS-2010-177",
      month         = "Aug",
      year          = "2010",
}

@article{Catani:2009sm,
      author         = "Catani, Stefano and Cieri, Leandro and Ferrera, Giancarlo
                        and de Florian, Daniel and Grazzini, Massimiliano",
      title          = "{Vector boson production at hadron colliders: a fully
                        exclusive QCD calculation at NNLO}",
      journal        = "Phys.Rev.Lett.",
      volume         = "103",
      pages          = "082001",
      doi            = "10.1103/PhysRevLett.103.082001",
      year           = "2009",
      eprint         = "0903.2120",
      archivePrefix  = "arXiv",
      primaryClass   = "hep-ph",
      SLACcitation   = "%%CITATION = ARXIV:0903.2120;%%",
}

@article{Fox:2011pm,
      author         = "Fox, Patrick J. and Harnik, Roni and Kopp, Joachim and
                        Tsai, Yuhsin",
      title          = "{Missing Energy Signatures of Dark Matter at the LHC}",
      journal        = "Phys.Rev.",
      volume         = "D85",
      pages          = "056011",
      doi            = "10.1103/PhysRevD.85.056011",
      year           = "2012",
      eprint         = "1109.4398",
      archivePrefix  = "arXiv",
      primaryClass   = "hep-ph",
      reportNumber   = "FERMILAB-PUB-11-478-T",
      SLACcitation   = "%%CITATION = ARXIV:1109.4398;%%",
}

@article{ATLAS:2012zim,
      key            = "1230004",
      title          = "{Search for New Phenomena in Monojet plus Missing
                        Transverse Momentum Final States using 10fb-1 of pp
                        Collisions at sqrt{s}=8 TeV with the ATLAS detector at the
                        LHC}",
      collaboration  = "ATLAS",
      year           = "2012",
      reportNumber   = "ATLAS-CONF-2012-147, ATLAS-COM-CONF-2012-190",
      SLACcitation   = "%%CITATION = ATLAS-CONF-2012-147 ETC.;%%",
}

@article{Khachatryan:2014rra,
      author         = "Khachatryan, Vardan and others",
      title          = "{Search for dark matter, extra dimensions, and
                        unparticles in monojet events in proton-proton collisions
                        at $\sqrt{s}$ = 8 TeV}",
      collaboration  = "CMS",
      year           = "2014",
      eprint         = "1408.3583",
      archivePrefix  = "arXiv",
      primaryClass   = "hep-ex",
      reportNumber   = "CMS-EXO-12-048, CERN-PH-EP-2014-164",
      SLACcitation   = "%%CITATION = ARXIV:1408.3583;%%",
}

@article{Kawade:2013bva,
      author         = "Kawade, K. and Adriani, O. and Bonechi, L. and Bongi, M.
                        and Castellini, G. and others",
      title          = "{The performance of the LHCf detector for hadronic
                        showers}",
      journal        = "JINST",
      volume         = "9",
      pages          = "P03016",
      doi            = "10.1088/1748-0221/9/03/P03016",
      year           = "2014",
      eprint         = "1312.5950",
      archivePrefix  = "arXiv",
      primaryClass   = "physics.ins-det",
      SLACcitation   = "%%CITATION = ARXIV:1312.5950;%%",
}

@article{Albrow:2008pn,
      author         = "Albrow, M.G. and others",
      title          = "{The FP420 \&  Project: Higgs and New Physics with
                        forward protons at the LHC}",
      collaboration  = "FP420 R and D",
      journal        = "JINST",
      volume         = "4",
      pages          = "T10001",
      doi            = "10.1088/1748-0221/4/10/T10001",
      year           = "2009",
      eprint         = "0806.0302",
      archivePrefix  = "arXiv",
      primaryClass   = "hep-ex",
      reportNumber   = "FERMILAB-FN-0825-E",
      SLACcitation   = "%%CITATION = ARXIV:0806.0302;%%",
}

%********************  Future colliders -- 33 and 100 TeV ************
@article{AguilarSaavedra:2001rg,
      author         = "Aguilar-Saavedra, J.A. and others",
      title          = "{TESLA: The Superconducting electron positron linear
                        collider with an integrated x-ray laser laboratory.
                        Technical design report. Part 3. Physics at an e+ e-
                        linear collider}",
      collaboration  = "ECFA/DESY LC Physics Working Group",
      year           = "2001",
      eprint         = "hep-ph/0106315",
      archivePrefix  = "arXiv",
      primaryClass   = "hep-ph",
      reportNumber   = "SLAC-REPRINT-2001-002, DESY-01-011, DESY-01-011C,
                        DESY-TESLA-2001-23, DESY-TESLA-FEL-2001-05, ECFA-2001-209",
      SLACcitation   = "%%CITATION = HEP-PH/0106315;%%",
}

@article{Djouadi:2007ik,
      author         = "Aarons, Gerald and others",
      title          = "{International Linear Collider Reference Design Report
                        Volume 2: Physics at the ILC}",
      collaboration  = "ILC",
      year           = "2007",
      eprint         = "0709.1893",
      archivePrefix  = "arXiv",
      primaryClass   = "hep-ph",
      reportNumber   = "SLAC-R-975, FERMILAB-DESIGN-2007-04,
                        FERMILAB-PUB-07-795-E",
      SLACcitation   = "%%CITATION = ARXIV:0709.1893;%%",
}

@article{Aad:2009wy,
      author         = "Aad, G. and others",
      title          = "{Expected Performance of the ATLAS Experiment - Detector,
                        Trigger and Physics}",
      collaboration  = "ATLAS Collaboration",
      year           = "2009",
      eprint         = "0901.0512",
      archivePrefix  = "arXiv",
      primaryClass   = "hep-ex",
      reportNumber   = "SLAC-R-980, CERN-OPEN-2008-020",
      SLACcitation   = "%%CITATION = ARXIV:0901.0512;%%",
}

@article{Mele,
author = {Barbara Mele},
title = {ILC and HL-LHC potentials},
note = {\url{http://www.nikhef.nl/pub/BND2014/projects/ILC-vs-LHC-HL/}},
year = {Higgs-Hunting, 2012}
}

@article{CMS-TDR,
author = {CMS Physics},
title = {CMS Technical Design Report, Volume-II, Physics Performances},
note = {\url{http://cmsdoc.cern.ch/cms/cpt/tdr/}},
year = {2006}
}

@article{100TeVpp,
author = {Michelangelo L. Mangano},
title = {Physics with a 100 TeV pp collider},
note = {\url{https://indico.cern.ch/event/304759/contribution/35/material/slides/0.pdf}},
year = {2014}
}

